1600 2902
270 197 332 245 66
525 194 592 239 M.
629 192 919 240 VITRUVII
953 193 1292 242 POLLIONIS

270 305 439 349 famam
464 302 526 347 est
563 298 781 362 adepta.)
821 299 1119 361 Relinquitur
1138 317 1267 347 nunc
1301 301 1530 361 quoniam

269 377 328 422 ad
363 375 727 436 explicationem
771 375 1019 420 moenium
1059 392 1223 421 eorum
1261 374 1361 421 sum
1396 375 1530 421 inve-

268 446 397 506 etus,
418 461 545 505 tota,
571 448 790 504 utisunt,
826 447 1060 492 definiam.
1101 447 1527 516 Quemadmodum

270 522 395 568 enirn
431 522 479 566 in
504 521 665 566 dextra
683 531 813 580 parte
840 519 1002 564 fanum
1029 520 1089 564 est
1114 519 1304 566 Veneris
1321 554 1333 577 ,
1365 520 1405 566 8c
1425 520 1528 565 fons

267 596 621 657 suprascriptus,
662 594 723 638 ita
748 593 796 637 in
821 592 994 637 finistro
1024 608 1174 638 cornu
1200 594 1318 658 regia
1340 594 1528 650 domus,

267 686 412 729 quam
445 685 527 713 rex
551 668 784 713 Mausolus
812 667 872 711 ad
914 667 1041 712 suam
1068 668 1297 712 rationem
1330 668 1529 712 colloca-

267 743 348 787 vit.
395 740 690 802 Conspicitur
715 739 838 784 enim
868 755 924 784 ex
943 756 993 785 ea
1016 740 1074 784 ad
1107 740 1318 785 dextram
1346 750 1528 800 partem

266 814 425 859 forum
447 813 487 858 Sc
511 825 696 873 portus,
734 812 1078 871 moeniumque
1104 824 1202 857 tota
1236 812 1412 868 finiti05
1439 812 1526 857 sub

265 886 433 930 finistra
456 885 652 929 secretus
675 883 759 928 sub
784 884 1025 929 montibus
1058 886 1201 929 latens
1232 895 1422 945 portus,
1466 886 1529 930 ita

264 972 320 1004 ut
355 974 499 1004 nemo
534 958 696 1018 possit,
730 956 848 1017 quid
870 958 919 1002 in
963 974 1020 1002 eo
1046 969 1254 1021 geratur,
1295 957 1527 1018 adspicere

264 1046 353 1075 nec
380 1030 521 1084 icire3
551 1041 602 1073 ut
623 1045 705 1073 rex
723 1028 816 1089 ipse
844 1028 903 1073 de
929 1028 1007 1074 sua
1047 1030 1193 1074 domo
1212 1029 1463 1092 remigibus
1481 1030 1524 1076 Sc

264 1103 494 1148 militibus
528 1103 621 1147 fine
673 1104 771 1146 ullo
804 1101 1002 1158 sciente,
1055 1118 1177 1161 quae
1209 1117 1327 1162 opus
1354 1102 1521 1159 essent,

264 1175 526 1235 imperaret.
560 1175 725 1233 ltaque
754 1174 857 1234 post
887 1187 1090 1218 mortem
1134 1173 1357 1230 Mausoli,
1387 1172 1523 1219 Arte‹

248 1249 390 1294 'misia
419 1263 566 1292 uxore
607 1246 703 1290 eius
731 1257 981 1308 regnante,
1025 1245 1198 1290 Rhodii
1230 1245 1523 1309 indignantes

263 1322 513 1368 mulierem
535 1320 761 1380 imperare
782 1319 1044 1365 civitatibus
1077 1319 1233 1366 Cariae
1257 1319 1427 1375 totius,
1452 1335 1522 1363 ar-

261 1406 384 1439 mata
410 1392 539 1437 classe
573 1390 766 1451 profecsli
801 1393 937 1448 sunt,
986 1404 1039 1437 ut
1072 1391 1122 1437 id
1155 1408 1352 1455 regnum
1382 1408 1521 1438 occu-

261 1478 439 1528 parent.
499 1466 639 1509 Tunc
671 1466 936 1510 Artemisiae
974 1481 1084 1509 curn
1120 1465 1227 1510 esset
1260 1465 1309 1509 id
1343 1480 1519 1510 renun-

260 1539 458 1592 tiatum,
497 1538 544 1580 in
583 1554 638 1581 eo
661 1550 801 1597 portu
839 1537 1086 1581 abstrusam
1120 1536 1326 1593 classem,
1363 1536 1518 1582 celatis

259 1612 511 1673 remigibus
529 1611 569 1657 ἃ
589 1611 780 1670 epibatis
799 1611 1071 1670 comparatis
1090 1645 1100 1666 ,
1136 1611 1341 1670 reliquos
1359 1621 1518 1655 autem

260 1686 378 1732 cives
403 1686 446 1729 in
474 1702 610 1729 muro
638 1684 723 1729 esse
746 1684 878 1729 iussit.
917 1684 1043 1729 Cum
1069 1695 1227 1730 autem
1250 1684 1425 1730 Rhodii
1443 1700 1518 1729 or-

259 1769 415 1802 natam
443 1755 621 1801 classem
646 1757 692 1800 in
721 1765 912 1814 portum
938 1755 1162 1800 maiorem
1183 1754 1515 1815 exposuissent,

258 1829 471 1890 plausum
508 1829 625 1873 iussit
659 1828 717 1872 ab
757 1843 894 1872 muro
931 1828 999 1872 his
1034 1827 1166 1883 dare,
1203 1827 1513 1887 pollicerique

257 1907 302 1950 se
339 1904 571 1965 oppidum
610 1904 884 1949 tradituros:
932 1903 1015 1962 qui
1056 1920 1165 1948 cum
1207 1900 1513 1962 penetrassent

256 1976 375 2019 intra
411 1990 602 2020 murum
622 2008 634 2030 ,
670 1970 832 2018 reliflis
864 1974 1059 2018 navibus
1089 1974 1303 2019 inanibus
1322 2007 1336 2030 ‚
1374 1972 1510 2020 Arte-

257 2047 383 2092 mifia
422 2057 615 2106 repente
654 2043 760 2089 fossa
805 2041 966 2099 fraffla,
1021 2045 1069 2088 in
1112 2045 1301 2107 pelagus
1346 2044 1510 2089 eduxit

256 2118 436 2164 classem
475 2135 533 2163 ex
564 2129 704 2178 portu
742 2117 952 2172 minore,
985 2116 1026 2162 Sc
1062 2117 1123 2161 ita
1156 2114 1333 2162 invecta
1360 2119 1420 2162 est
1457 2119 1507 2163 in

257 2191 495 2236 maiorem.
535 2189 758 2249 Expositis
789 2199 947 2234 autem
988 2189 1214 2234 militibus
1250 2190 1291 2235 Sc
1326 2191 1507 2251 remigi-

258 2265 369 2319 bus,
395 2261 573 2307 classem
598 2262 893 2308 Rhodiorum
924 2262 1112 2306 inanem
1136 2261 1337 2307 abduxit
1370 2262 1417 2305 in
1444 2262 1506 2305 al-

255 2345 373 2380 tum.
412 2336 479 2380 Ita
516 2335 689 2381 Rhodii
726 2351 822 2380 non
863 2335 1085 2380 habentes
1124 2352 1223 2395 quo
1258 2336 1301 2381 se
1334 2334 1504 2393 recipe-

255 2417 383 2460 rent,
417 2406 464 2450 in
501 2405 659 2451 medio
687 2406 888 2451 conclusi
906 2441 920 2462 ‚
948 2407 995 2451 in
1024 2407 1120 2467 ipso
1149 2407 1250 2452 foro
1284 2405 1387 2449 sunt
1408 2415 1505 2449 tru-

252 2475 406 2521 cidati.
448 2478 514 2523 Ita
554 2479 787 2525 Artemifia
813 2515 826 2536 ,
872 2481 919 2524 in
966 2481 1161 2526 navibus
1211 2478 1502 2526 Rhodiorum
