1600 2902
235 131 312 184 360
539 129 1179 174 ARCHITECTURAE

230 226 320 277 styli
355 234 575 279 ponentur,
611 223 679 275 qui
706 223 847 262 umbra
877 223 945 263 sua
981 224 1097 265 horas
1123 228 1348 281 defignent3
1376 230 1503 270 altera

231 290 399 329 mediam
433 288 632 341 planitiem
659 287 859 335 detineat3
890 287 1005 326 tertia
1036 302 1160 341 prope
1191 291 1329 331 horam
1348 294 1503 331 contin-

230 363 308 404 gat.
338 352 420 390 Has
442 351 545 389 enim
573 361 704 403 partes
734 349 973 389 circulorum
998 349 1149 397 hieme,
1173 365 1295 402 vere,
1313 356 1353 395 &
1375 355 1502 394 aesta-

229 425 271 453 te
298 413 375 461 fic,
407 426 453 452 ut
478 413 673 460 interius,
709 413 924 464 gnomonis
952 413 1092 451 umbra
1122 412 1307 466 sequitur.
1352 416 1399 455 In
1428 431 1503 456 an-

230 476 335 528 gulis
365 488 462 528 ergo
497 474 781 528 posterioribus
818 473 943 525 stylos
975 474 1130 514 modice
1159 475 1343 528 obliquos
1381 478 1502 530 figes,

228 540 297 591 qui
323 539 464 578 umbra
488 536 553 577 sua
587 537 704 575 horas
726 535 946 588 designent.
973 535 1119 576 Oriens
1145 537 1249 576 enim
1274 537 1339 577 Sol
1363 539 1402 577 in
1429 541 1503 593 pri-

228 615 297 641 mo
329 601 453 641 latere
477 598 541 640 sex
565 601 682 639 horas
701 599 856 638 notabit
872 629 883 647 ,
923 598 1109 640 occidens
1138 599 1232 638 alias
1266 599 1329 639 sex
1357 601 1396 639 in
1416 601 1502 640 smi-

227 662 309 702 ssro
332 663 458 702 latere
486 673 703 716 percurret.
745 661 908 714 Legitur
936 662 1084 707 etiam,
1115 660 1233 701 horas
1257 661 1309 700 fic
1340 675 1505 716 compa-

227 726 306 766 rari
334 725 509 765 debere:
550 725 741 778 primam,
775 724 949 771 sextam,
975 723 1202 777 septimam,
1239 724 1280 764 &
1309 725 1504 764 duodeci-

226 800 331 827 mam
366 799 449 827 uno
483 785 612 841 spatio
643 784 905 838 mensuraque
935 785 1230 838 disponendas:
1269 785 1504 834 secundam,

227 852 432 904 quintam,
463 850 668 899 octavam,
704 851 745 890 ὃ(
775 849 1022 890 undecimam
1047 850 1130 902 pari
1166 849 1407 903 aequalitate
1435 863 1504 889 or-

226 915 432 954 dinandas.
464 913 667 960 Tertiam,
699 924 910 965 quartam,
943 923 1089 950 nonam
1118 910 1229 950 fimili
1259 912 1414 951 ratione
1433 913 1505 952 du-

226 977 386 1016 cendas.
422 975 487 1015 Est
516 976 553 1015 <Sc
578 976 652 1013 alia
680 975 728 1014 de
755 974 880 1014 modo
899 975 940 1014 &
965 974 1156 1013 mensuris
1182 974 1370 1014 horarum
1389 987 1506 1014 com-

227 1040 382 1091 paratio
401 1069 412 1087 ,
458 1050 578 1089 quam
608 1037 844 1088 prolixitatis
875 1036 992 1076 causa
1026 1037 1357 1090 praetereundam
1388 1036 1505 1076 aesti-

225 1100 349 1139 mavi.
400 1099 528 1138 Prlma
556 1100 744 1152 quoniam
778 1098 875 1137 haec
908 1098 1109 1151 diligentia
1145 1099 1192 1137 ad
1224 1111 1378 1151 paucos
1411 1113 1506 1152 pru-

225 1161 366 1200 dentes
387 1162 574 1214 pertinet.
614 1160 714 1200 Nam
749 1173 890 1199 omnes
918 1158 1026 1207 fere,
1060 1159 1161 1200 ficut
1196 1159 1312 1212 supra
1348 1173 1504 1200 memo-

225 1233 356 1262 ratum
380 1222 462 1270 est,
495 1232 622 1272 quota
648 1221 694 1260 sit
729 1220 854 1260 solum
894 1222 1117 1273 requirunt.
1162 1221 1376 1273 Quantum
1407 1234 1503 1274 ergo

224 1287 274 1325 ad
295 1285 497 1339 privatum
522 1284 634 1325 usum
664 1283 882 1338 exspeemt,
903 1281 1115 1324 neceffaria
1146 1282 1238 1323 huic
1270 1283 1406 1324 libello
1433 1297 1503 1324 or-=

225 1349 464 1390 dinavimus.

772 1434 808 1474 X
838 1435 874 1474 X
903 1434 958 1474 X.

658 1517 717 1553 De
746 1514 887 1551 malthis
913 1514 1067 1564 divcrfis.

286 1588 543 1642 Compositio
571 1588 830 1627 maltharum:
864 1587 1033 1626 malthae
1057 1586 1266 1626 calidariae
1293 1588 1417 1640 picem
1437 1589 1505 1629 du·-

225 1664 333 1699 ram,
359 1664 488 1691 ceram
519 1651 669 1698 albam,
709 1650 845 1700 aequis
880 1649 1124 1701 ponderibus
1158 1647 1362 1702 stuppam,
1405 1651 1504 1703 picis

225 1714 401 1766 liquidae
436 1713 562 1753 totius
589 1713 777 1766 ponderis
807 1723 961 1764 partem
995 1711 1216 1758 dimidiam,
1255 1711 1393 1750 testam
1429 1713 1504 1750 mi-

225 1788 365 1816 nutam
384 1807 395 1824 ,
427 1777 564 1816 florem
591 1776 733 1823 calcis,
767 1775 900 1814 omnia
928 1775 968 1812 in
999 1786 1080 1812 uno
1102 1775 1248 1820 mixta,
1275 1775 1314 1813 in
1344 1773 1503 1813 tunetu-

225 1851 291 1878 ras
329 1836 503 1877 fundito.
552 1837 654 1877 Item
693 1837 986 1875 ammoniacum
1019 1833 1215 1874 remiffum
1248 1834 1422 1882 slccum,
1463 1836 1503 1874 δε

225 1899 429 1953 stuppam,
454 1900 496 1939 &
523 1900 650 1953 picem
672 1899 860 1952 liquidam
883 1899 923 1937 in
952 1898 1028 1951 pila
1057 1897 1206 1945 tunde,
1233 1898 1273 1936 &
1302 1896 1503 1937 iunffin-as

225 1962 410 2001 oblinito.
442 1962 542 2001 Item
567 1963 860 2002 ammoniacum
893 1962 934 2001 ὅ(
960 1960 1148 2013 sulphur,
1194 1972 1410 2012 utrumque
1438 1971 1501 1998 re·-

225 2020 376 2064 miffum
406 2026 583 2071 iniicito‚
615 2025 696 2065 sive
717 2024 928 2064 infundito.
968 2023 1068 2062 Item
1095 2023 1221 2076 picem
1246 2022 1412 2070 duram,
1440 2034 1504 2061 ce·

225 2099 309 2125 ram
344 2086 470 2125 albam
491 2117 502 2133 ,
545 2087 586 2125 &
618 2086 939 2134 ammoniacum,
974 2086 1016 2124 δι
1045 2085 1205 2138 sulphur
1235 2084 1433 2124 remiffum
1462 2085 1504 2123 in

226 2162 380 2198 unum3
412 2149 612 2189 iuncturas
643 2160 783 2188 omnes
801 2148 943 2196 linito,
970 2148 1011 2188 ὅ(
1035 2149 1274 2187 cauteriato.
1310 2148 1410 2188 Item
1430 2149 1504 2189 sso-

227 2222 309 2249 rem
335 2210 454 2249 calcis
483 2223 574 2250 cum
604 2210 696 2250 oleo
723 2211 919 2258 mixtum3
948 2209 1148 2250 iuncffilras
1175 2209 1303 2249 linito.
1333 2210 1432 2250 Item
1453 2209 1504 2248 fi-

226 2286 344 2320 cum,
364 2273 406 2312 &
428 2273 558 2325 picem
586 2273 748 2320 duram,
781 2273 823 2313 δι
849 2273 989 2312 testam
1011 2273 1130 2313 ostrei
1151 2272 1292 2315 ficcam
1316 2273 1355 2311 in
1379 2285 1502 2312 unum

226 2335 374 2382 tunde3
405 2333 606 2374 iunauras
640 2335 768 2374 linito.
801 2334 902 2374 Item
934 2333 1163 2386 sanguinem
1190 2334 1309 2374 bovis
1338 2332 1503 2383 semige-

229 2395 350 2436 latum
378 2397 516 2451 pondo
547 2397 621 2437 VI.
663 2397 781 2437 calcis
811 2396 975 2450 glebae,
1015 2397 1055 2437 id
1093 2397 1149 2438 est
1182 2397 1332 2444 vivae,
1364 2394 1502 2448 pondo
