1600 2902
249 170 334 219 DE
365 167 863 218 ARCHITECTURA
895 166 1004 215 LIB.
1038 167 1098 215 X.
1214 183 1304 230 30¹

49 296 160 328 nem
205 278 351 325 centri
389 289 767 338 promoventur,
816 286 1040 335 premunt
1077 273 1174 318 eius
1209 273 1308 319 col·

46 354 176 407 lum,
211 350 271 395 ad
314 366 457 410 quem
487 352 681 410 propius
725 347 1031 393 accefferunt:
1078 345 1308 407 quemad-

47 424 248 472 modum
277 423 326 469 in
355 424 514 470 statera
541 422 919 482 aequipondium
952 436 1058 466 cum
1092 420 1308 465 examine

46 497 346 561 progreditur
365 496 425 540 ad
456 495 569 540 fines
592 493 1004 554 ponderationum.
1037 492 1211 537 Eadem
1234 508 1308 536 ra-

45 571 178 616 tione
211 569 449 623 iumenta,
495 584 606 614 curn
637 566 743 628 iuga
780 581 946 610 eorum
982 564 1308 626 subiugiorum

46 642 156 687 loris
184 657 265 702 per
296 640 511 685 medium
545 647 891 698 temperantur,
938 636 1193 695 aequaliter
1227 644 1314 679 tra-

47 713 170 758 hunt
208 729 372 766 onera3
425 728 535 757 cum
578 723 738 756 autem
776 711 972 770 impares
1001 710 1108 754 sunt
1142 726 1311 755 eorum

46 785 242 831 virtutes
259 820 271 840 ‚
296 785 336 831 Sc
358 800 507 829 unum
538 784 644 843 plus
663 782 861 827 valendo
887 783 1059 842 premit
1083 784 1310 839 alterum,

50 860 151 904 loro
167 855 354 904 traiecto
384 858 435 902 fit
467 873 557 901 una
581 873 683 917 pars
702 855 797 918 iugi
824 856 1039 919 longior,
1076 873 1197 915 quae
1224 858 1314 902 im-

50 931 275 976 becilliori
314 928 564 974 auxiliatur
599 929 831 974 iumento.
892 929 959 974 Ita
992 929 1040 973 in
1074 929 1313 991 phalangis

49 1004 169 1049 utin
200 1003 315 1065 iugis
335 1037 347 1059 ‚
382 1019 491 1046 cum
513 1003 561 1045 in
589 1002 751 1047 medio
771 1003 868 1048 lora
900 1019 998 1048 non
1028 1003 1136 1048 sunt
1171 1004 1316 1048 collo·

48 1087 169 1130 cata,
202 1075 280 1120 sed
321 1092 420 1119 eam
456 1086 660 1134 partem,
711 1092 804 1135 qua
827 1076 1123 1137 progreditur
1159 1078 1316 1121 lorum

47 1164 73 1192 a
100 1147 257 1192 medio
293 1158 487 1202 centro,
531 1148 797 1193 breviorem
833 1136 996 1205 effic'it,
1042 1149 1083 1195 8c
1121 1150 1314 1195 alteram

49 1219 312 1282 longiorem
331 1255 343 1274 ,
378 1237 427 1265 ea
460 1222 664 1276 ratione,
702 1221 732 1265 fi
756 1237 839 1281 per
866 1220 913 1265 id
936 1232 1178 1278 centrum,
1214 1237 1317 1282 quo

50 1293 143 1337 loci
177 1289 457 1352 perductum
492 1294 553 1338 est
588 1296 773 1350 lorum,
811 1306 1011 1354 utraque
1044 1295 1195 1355 capita
1229 1294 1318 1340 cir-

51 1377 361 1427 cumagentur
383 1401 395 1422 ‚
437 1368 623 1429 longior
654 1384 757 1427 pars
788 1368 1091 1428 ampliorem,
1131 1369 1317 1414 brevior

51 1438 287 1484 minorem
332 1451 435 1502 aget
478 1440 843 1485 circinationem.
902 1441 957 1485 Et
1003 1443 1318 1500 quemadmo-

52 1510 172 1555 dum
206 1511 406 1555 minores
430 1523 569 1557 vrotae
608 1513 817 1558 duriores
855 1512 895 1557 8<
930 1513 1209 1558 difficiliores
1242 1514 1319 1559 ha·

52 1582 171 1627 bent
197 1594 378 1628 motus:
418 1584 476 1629 slc
509 1585 795 1648 phalangae,
826 1586 868 1631 8c
900 1585 1032 1649 iuga,
1065 1586 1111 1630 in
1144 1588 1320 1646 quibus

53 1656 262 1715 partibus
290 1657 464 1702 habent
495 1659 677 1703 minora
708 1658 766 1703 ab
801 1671 962 1704 centro
989 1660 1048 1704 ad
1080 1662 1228 1721 capita
1251 1663 1321 1707 in-

53 1728 276 1783 tervalla,
314 1741 540 1787 premunt
583 1730 762 1774 duriter
803 1731 951 1774 colla:
1002 1747 1123 1789 quae
1158 1745 1321 1779 autem

54 1800 265 1862 longiora
289 1801 464 1845 habent
493 1803 550 1847 ab
585 1804 756 1847 eodem
786 1814 947 1847 centro
967 1802 1134 1862 spatia,
1160 1806 1322 1852 levant

55 1873 277 1918 oneribus
310 1875 600 1918 extrahentes
633 1876 673 1920 8c
705 1874 914 1919 ferentes.
955 1875 1079 1919 Cum
1110 1877 1222 1922 haec
1256 1879 1320 1923 ita

56 1946 116 1990 ad
146 1957 361 1992 centrum
384 1944 758 2007 p01·re‹s,³tionibns
792 1947 832 1992 8c
860 1948 1240 1994 circinationibus
1260 1967 1322 1996 re-

57 2019 265 2077 ceperint
303 2032 486 2075 motu5‚
529 2032 632 2064 tum
668 2035 778 2064 vero
821 2020 956 2064 etiam
992 2021 1186 2079 plostra,
1221 2024 1326 2068 rhe⁴

59 2091 147 2135 dae
168 2125 180 2146 ‚
204 2102 450 2153 tympana,
483 2106 609 2136 rotae
627 2127 638 2147 ,
666 2094 882 2137 cochleae
900 2127 911 2148 ,
937 2091 1224 2153 scorpiones,
1247 2096 1324 2140 ba-

51 2163 180 2210 listae
197 2198 208 2219 ‚
230 2167 352 2223 prela
368 2200 380 2220 ‚
403 2178 676 2225 ceteraeque
698 2167 963 2219 machinae,
998 2166 1160 2213 iisdem
1186 2169 1325 2212 ratio·

58 2236 198 2280 nibus
229 2253 310 2296 per
330 2234 596 2297 porrectum
635 2249 850 2283 centrum
872 2237 911 2280 ὃς
932 2239 1214 2282 rotationem
1236 2240 1324 2283 cir-

56 2308 152 2354 cini
181 2309 375 2354 verlatae
394 2345 406 2366 ,
441 2310 615 2356 faciunt
639 2310 696 2354 ad
726 2310 1021 2370 propositum
1054 2308 1255 2355 elletfilus.
