1600 2902
248 195 345 241 ¹106
507 192 577 236 M.
612 191 903 239 VITRUVII
937 190 1281 242 POLLIONIS

249 298 372 343 dinis
403 298 655 344 diametros
687 299 736 344 in
768 300 1068 347 altitudinem
1093 305 1342 349 columnae
1375 300 1516 349 Dori·

249 389 358 428 cae,
394 373 577 418 Ionicae
611 372 717 420 oc‘to
743 374 874 419 semis
899 375 1252 423 constituerunt.
1283 377 1336 423 Id
1356 390 1516 425 autem

245 459 423 506 genus,
473 445 607 504 quod
653 446 788 491 Iones
825 446 1036 492 fecerunt
1076 448 1260 507 primo,
1298 449 1516 495 Ionicum

247 517 313 560 est
359 519 676 563 nominatum.
724 519 944 564 Tertium
989 536 1131 576 vero,
1183 522 1317 580 quod
1352 520 1518 567 Corin-

245 589 408 634 thium
448 590 617 635 dicitur
637 625 649 647 ,
697 591 928 654 virginalis
960 591 1102 637 habet
1132 594 1386 655 gracilitatis
1413 593 1518 637 imi-

247 665 510 721 tationem3
556 666 693 726 quod
733 667 928 730 virgines
969 679 1164 727 propter
1202 669 1355 712 aetatis
1384 682 1517 713 tene-

248 736 436 782 ritatem
470 739 786 802 gracilioribus
821 741 1046 785 membris
1075 742 1298 804 figuratae·
1329 739 1517 787 effeetus

248 811 485 871 recipiunt
522 812 572 856 in
604 825 771 858 ornatu
804 814 1099 859 venustiores.
1137 814 1245 859 Eius
1268 827 1424 859 autem
1448 831 1519 859 ca·

248 884 392 943 pituli
422 887 573 945 prima
607 886 819 931 inventio
856 888 912 931 sic
954 898 1246 932 memoratur
1281 887 1366 932 esse
1391 883 1517 932 faCla.

246 955 401 1020 ‘Virgo
421 958 529 1003 civis
548 959 790 1004 Corinthia
810 961 900 1005 iam
923 974 1102 1005 matura
1122 961 1322 1020 nuptiis,
1357 958 1517 1019 impli-

242 1031 341 1077 ‘cita
375 1033 545 1078 morbo
579 1033 775 1079 decessit.
814 1034 919 1078 Post
942 1034 1228 1095 sepulturam
1257 1034 1376 1089 eius,
1416 1032 1520 1091 qui-

249 1104 341 1149 bus
373 1121 423 1149 ea
452 1106 558 1150 viva
600 1106 784 1166 poculis
827 1103 1170 1162 deleElabatur,
1221 1106 1383 1150 nutrix
1420 1105 1520 1150 col-

248 1174 366 1224 lena
401 1178 441 1223 8c
469 1181 724 1240 compofita
752 1181 801 1225 in
832 1183 1012 1226 calatho
1038 1182 1236 1242 pertulit
1264 1182 1323 1225 ad
1343 1196 1517 1225 monu-

245 1265 494 1310 mentum,
546 1254 587 1299 8c
624 1255 673 1300 in
712 1254 900 1300 summo
945 1254 1226 1311 collocavit,
1281 1255 1321 1300 δι’
1360 1254 1430 1299 uti
1467 1269 1520 1298 ea

245 1339 578 1388 permanerent
608 1328 783 1374 diutius
818 1329 902 1375 sub
942 1329 1077 1386 divo,
1113 1330 1268 1392 tegula
1309 1329 1440 1373 texit.
1475 1328 1519 1371 Is

250 1400 457 1445 calathus
498 1401 695 1447 fortuito
733 1402 866 1462 supra
907 1403 1091 1447 acanthi
1133 1402 1336 1447 radicem
1367 1388 1519 1444 'fuerat

249 1474 522 1519 collocatus.
564 1475 757 1519 Interim
791 1475 1003 1534 pondere
1033 1474 1176 1534 preffa
1209 1473 1341 1518 radix
1381 1485 1517 1515 acan-

248 1545 322 1589 thi
359 1547 517 1590 media
548 1547 657 1591 folia
686 1548 726 1593 Sc
749 1547 1001 1592 cauliculos
1028 1548 1142 1591 circa
1170 1562 1368 1590 vernum
1393 1556 1516 1590 tem-

246 1633 337 1677 pus
369 1619 614 1677 profudit,
653 1619 782 1663 cuius
809 1618 1024 1663 cauliculi
1057 1617 1315 1664 secundum
1347 1616 1513 1661 calathi

247 1690 388 1734 latera
417 1690 696 1747 crescentes,
732 1691 772 1736 8c
807 1691 864 1735 ab
892 1691 1069 1752 angulis
1105 1692 1288 1753 tegulae
1324 1690 1514 1750 ponde-

247 1762 306 1808 ris
336 1764 597 1808 necessitate
616 1764 833 1824 expressi,
865 1763 1062 1808 flexuras
1088 1765 1136 1808 in
1166 1780 1390 1809 extremas
1412 1779 1515 1824 par-

246 1847 317 1880 tes
349 1838 616 1882 volutarum
654 1836 803 1882 facere
841 1837 950 1881 sunt
988 1835 1149 1882 coaffli..
1199 1838 1338 1883 Tunc
1379 1838 1517 1882 Calli-

247 1911 472 1967 machus,
509 1911 590 1971 qui
620 1922 815 1971 propter
839 1912 1110 1974 elegantiam
1137 1912 1177 1958 Sc
1211 1912 1516 1959 subtilitatem

245 1982 352 2026 artis
365 2000 651 2028 marmoreae
664 1984 723 2028 ab
739 1981 1099 2030 Atheniensibus
1118 1985 1399 2030 Cataceclmos
1414 1985 1515 2030 fue-

246 2068 319 2099 1at
341 2056 632 2110 nominatus,
664 2058 946 2114 praeteriens
980 2059 1070 2102 hoc
1105 2069 1514 2114 monumentum,

246 2126 581 2172 animadvertit
613 2143 722 2172 eum
753 2130 1016 2184 calathum,
1068 2129 1107 2174 Sc
1137 2128 1252 2173 circa
1287 2128 1512 2175 foliorum

244 2199 512 2245 nascentem
545 2201 864 2256 teneritatem3
912 2198 1259 2260 delefflatusque
1289 2201 1513 2264 genere&

245 2270 426 2315 formae
446 2271 653 2317 novitate
672 2305 684 2327 ‚
708 2271 769 2316 ad
792 2272 841 2316 id
871 2274 1109 2332 exemplar
1124 2274 1365 2318 columnas
1383 2271 1511 2332 apud

247 2342 517 2388 Corinthios
547 2343 679 2400 fecit,
713 2343 1099 2405 symmetriasque
1138 2346 1374 2390 constituit
1396 2377 1408 2399 ,
1450 2361 1509 2389 ex

248 2430 405 2474 eoque
438 2417 487 2460 in
526 2432 724 2477 operum
757 2414 1124 2475 perfecstionibus
1167 2416 1394 2462 Corinthii
1432 2432 1512 2478 ge-

249 2486 374 2534 neris
419 2487 652 2546 distgibuit
699 2487 914 2537 rationes.
960 2488 1070 2537 Eius
1114 2500 1272 2536 autem
1316 2487 1510 2548 capituli
