1600 2902
249 208 402 241 xxxn
493 196 824 241 NOTlTiA
862 198 1128 244 LITERA
1153 200 1276 246 RIA

247 300 463 340 verborum
505 301 809 354 explicationem
843 303 1037 343 dederunt
1077 305 1137 345 cl.
1166 306 1300 359 Meister
1329 306 1367 345 in
1395 307 1515 347 novis

247 354 555 395 Commentariis
580 356 787 409 Goetting.
819 354 939 396 Torn.
966 358 1035 397 Vl.
1066 361 1244 412 Tommizfi>
1278 363 1449 413 Tetnizvza
1474 364 1515 400 in

246 408 440 448 Raccolta
464 410 501 448 di
527 409 720 461 Opuscoli
747 411 948 450 scientifici
975 424 996 450 e
1023 412 1190 453 letterati
1211 416 1287 454 &a
1307 415 1424 454 Tom.
1445 415 1516 455 Vl.

245 474 333 515 pag.
358 478 429 516 192
448 462 527 516 sqq.
544 462 730 503 Ferrarae
755 465 869 515 1780.
892 482 926 512 4·
948 465 1073 506 Franc.
1099 469 1213 520 Ortit(
1231 469 1268 507 in
1296 469 1430 508 Abato
1450 482 1517 508 re-

245 515 375 556 serato
397 517 474 556 &c.
507 518 662 557 Romae
692 519 802 567 1781.
829 519 864 558 8.
896 521 936 559 &
961 521 1052 559 Petr.
1074 522 1244 574 Marqucz
1270 524 1448 575 Mefficani
1475 525 1516 562 in

245 570 370 608 fibro:
398 570 513 610 Delie
539 572 641 611 ville
663 573 697 610 di
726 573 848 612 Plinio
874 573 899 613 il
924 573 1086 627 giovani
1108 596 1150 604 —
1175 588 1251 615 con
1274 577 1337 615 un'
1364 588 1516 630 appen-

244 625 327 662 dice
345 624 385 663 su
407 625 458 677 gli
479 627 634 665 scamilli
647 628 768 679 impari
793 629 826 665 di
848 629 1016 668 Vitruvio.
1036 628 1187 668 Romae
1219 631 1330 683 1796.
1356 630 1390 671 8.
1411 643 1516 683 quae

243 689 345 717 vero
367 679 494 718 minus
521 681 710 733 probatur
738 680 889 721 censori
918 683 955 721 in
981 682 1144 736 Ephem.
1174 683 1276 722 liter.
1305 682 1513 737 Goetting.

247 732 360 783 1798.
392 745 427 771 n.
447 747 510 787 90.
538 734 703 788 Egregie
731 738 848 774 etiam
877 737 1039 776 meritus
1056 736 1122 783 vest
1149 737 1198 776 de
1220 738 1413 777 Vitruvio
1432 739 1518 777 Sal-

243 789 369 838 mafius
398 788 439 825 in
465 787 823 828 Exercitationibus
848 790 941 828 Plin.
967 792 1004 829 in
1031 790 1176 843 quibus
1201 804 1281 830 non
1304 792 1425 831 modo
1442 792 1518 831 vi-

243 843 381 879 truvio
417 840 530 895 saepe
562 844 688 882 utitur
711 845 758 882 ad
794 843 922 883 iucem
953 843 1234 885 affundendam
1264 843 1418 893 Plinio,
1451 844 1517 884 sed

243 896 361 933 etiam
384 896 615 948 quadragies
633 897 840 937 emendat:
869 897 975 937 unde
993 898 1057 937 illa
1077 898 1166 937 loca
1184 908 1370 951 excerpta
1389 900 1429 939 &
1447 900 1518 938 ad-

243 948 323 986 dita
341 947 428 987 sunt
447 950 614 989 editioni
636 952 798 991 ultimae
811 952 1173 992 Amstelodamenfi.
1206 952 1517 993 Commemora-

243 1013 288 1041 re
303 1002 420 1042 etiam
441 1005 477 1041 h.
493 1004 518 1042 l.
537 1005 647 1044 iuvat
666 1006 707 1045 Ρ.
731 1006 984 1060 ῙΓςβὲίίηξὶιιηι
1000 1037 1013 1053 ,
1039 1007 1107 1059 qui
1121 1007 1160 1045 in
1175 1005 1513 1046 Observationum

244 1055 327 1095 Lib.
351 1057 379 1095 l.
407 1057 465 1096 18.
481 1057 519 1096 8(
536 1059 618 1097 Lib.
636 1058 685 1098 ΙΙ.
713 1059 892 1110 pluribus
912 1060 1128 1113 capitibus,
1150 1060 1376 1113 praesertim
1395 1073 1417 1099 e
1438 1061 1517 1101 Ms.

243 1108 547 1151 Franeccerano
575 1113 782 1161 emendat,
819 1125 937 1166 atque
965 1114 1157 1167 explicat:
1185 1115 1361 1167 itemque
1385 1116 1520 1153 Herin·

241 1178 322 1214 gam
345 1165 399 1206 V.
425 1166 470 1205 C.
496 1167 563 1217 qui
590 1168 629 1206 in
654 1166 995 1207 Observationum
1025 1168 1388 1220 elegantiffimarum
1416 1169 1517 1208 libro

243 1231 279 1257 c.
301 1219 359 1258 16.
385 1219 538 1272 aliquot
558 1221 644 1260 loca
671 1221 750 1260 Lib.
773 1221 841 1260 lx.
870 1235 903 1261 c.
934 1222 971 1260 6.
992 1235 1029 1269 7.
1060 1220 1344 1274 corruptiffima
1367 1235 1415 1262 ex
1442 1234 1519 1261 eo-

244 1273 335 1311 dem
363 1272 514 1313 Codice
532 1275 570 1313 8:
598 1288 646 1312 ex
668 1274 829 1325 ingenio
849 1277 1047 1322 correxit3
1071 1287 1145 1314 nec
1170 1288 1253 1314 non
1272 1277 1408 1315 Petrum
1424 1278 1520 1316 Bon-

244 1328 326 1365 dam
352 1327 393 1366 in
412 1328 612 1367 variarum
635 1328 792 1369 lefflon.
812 1329 921 1370 libris
942 1329 993 1369 Il.
1019 1329 1264 1381 Ziitphaniae
1291 1343 1404 1384 1759.
1424 1329 1519 1378 8.,8(

246 1382 284 1418 C.
302 1382 344 1419 L.
360 1382 505 1435 Stieglt}
526 1382 565 1421 in
591 1382 917 1436 Encyplopaedia
943 1382 1242 1423 Archite&urae
1266 1384 1395 1424 civilis
1412 1384 1428 1435 (
1441 1384 1521 1422 En-

244 1435 452 1486 cyklopaedie
472 1438 529 1473 der
552 1437 777 1489 birgerliclzen
807 1437 1020 1491 Baukunst)
1048 1437 1213 1489 Lipsiae.
1246 1438 1454 1491 1792-98.
1481 1437 1520 1476 8.

245 1489 313 1540 qui
333 1489 533 1528 duumviri
560 1491 833 1542 compluribus
850 1491 948 1530 locis
975 1492 1126 1544 optime
1146 1491 1194 1529 de
1222 1491 1414 1530 Vitruvio
1432 1490 1521 1529 sunt

244 1544 475 1593 promeriti3
502 1554 545 1581 ut
571 1544 670 1582 alios
691 1545 896 1592 omittam,
929 1546 995 1597 qui
1026 1544 1175 1596 singula
1201 1555 1268 1583 aut
1293 1544 1424 1584 obiter
1449 1555 1520 1584 aut

246 1608 296 1632 ex
320 1595 498 1635 instituto
535 1593 756 1636 rrafinvere
774 1628 784 1643 ‚
818 1611 861 1636 ut
894 1600 1082 1650 Morgqgni
1106 1598 1236 1637 locum
1265 1599 1333 1648 qui
1363 1597 1410 1636 ad
1436 1610 1520 1637 rem

245 1650 437 1688 medicam
454 1652 639 1703 pertinet.
653 1656 906 1703 Entsypoeziow
925 1651 1103 1690 vitruvii
1117 1651 1239 1690 edidit
1256 1651 1373 1700 Clzrifl.
1390 1652 1522 1691 Guein-

247 1705 338 1756 tzius
369 1704 479 1743 Halis
507 1705 707 1744 Saxonum
744 1705 857 1752 1648.
883 1720 920 1752 4.
968 1704 1077 1744 Nihil
1107 1718 1206 1745 vero
1238 1705 1336 1744 inest
1365 1705 1404 1743 in
1440 1706 1519 1744 hoc

245 1758 445 1809 opusculo
461 1789 472 1804 ,
501 1760 610 1811 quod
645 1759 712 1797 vel
734 1759 783 1797 ad
808 1759 1122 1807 emendandum,
1155 1759 1223 1798 vel
1249 1759 1518 1799 illustrandum

245 1811 480 1850 Vitruvium
504 1812 687 1852 conferre
712 1811 838 1865 poffit.

308 1865 399 1905 Huc
427 1867 551 1905 >etiam
589 1865 819 1915 referendi,
856 1867 924 1918 qui
957 1865 1101 1918 figuras
1127 1865 1239 1919 operi
1273 1866 1491 1906 adiunxere
1509 1897 1520 1915 ,

249 1932 351 1972 quos
383 1919 499 1973 supra
530 1920 814 1967 indicavimus,
849 1933 941 1959 cum
975 1921 1173 1960 editiones
1203 1919 1520 1969 recenseremus3

248 1974 358 2025 quod
383 1986 454 2012 eae
481 1974 690 2025 plurimum
711 1974 872 2025 prosunt
898 1975 945 2013 ad
967 1974 1262 2026 intelligendum
1283 1974 1327 2012 iis
1343 2005 1352 2020 ‚
1380 1975 1446 2026 qui
1465 1986 1523 2012 ar-

247 2028 298 2065 tis
326 2027 661 2067 architee'tonicae
690 2029 804 2080 periti
829 2040 910 2066 non
937 2028 1039 2067 sunt.
1071 2028 1150 2066 Eae
1175 2027 1349 2080 figurae,
1387 2039 1432 2066 ut
1462 2029 1523 2066 Io-

249 2084 378 2127 cundi,
408 2081 495 2121 sunt
527 2082 724 2121 interdum
756 2082 805 2120 ab
834 2082 919 2120 aliis
944 2082 1038 2120 artis
1068 2082 1202 2134 peritis
1232 2080 1519 2134 reprehensae:

251 2136 359 2188 quod
387 2148 467 2174 non
497 2136 551 2175 est
582 2136 814 2174 mirandum.
853 2135 1031 2174 Omnino
1061 2137 1165 2174 enim
1194 2135 1355 2188 intelligi
1378 2136 1522 2184 debet,

250 2202 328 2228 non
354 2189 470 2228 facile
498 2191 683 2229 oratione
710 2202 833 2241 opera
855 2188 1160 2228 architectonica
1184 2189 1237 2227 ita
1264 2200 1452 2228 accurate
1479 2190 1522 2229 &

249 2243 288 2281 δι
309 2243 514 2296 perspicue
542 2243 707 2282 describi
731 2242 838 2289 poise
853 2274 864 2289 ‚
892 2255 934 2281 ut
959 2242 1093 2295 figuris
1111 2242 1441 2296 exprimipciffint
1462 2255 1522 2281 ac-

250 2309 408 2344 curate,
435 2299 473 2336 id
496 2299 601 2350 quod
624 2290 742 2335 exiam*
763 2308 810 2334 ex
837 2297 1005 2335 aliorum
1034 2295 1272 2349 scriptorum
1298 2297 1441 2335 talibus
1457 2299 1521 2335 de·

251 2349 550 2403 scriptionibus,
578 2362 620 2389 ut
647 2350 850 2398 Caesaris,
884 2350 991 2388 Plinii
1019 2351 1101 2388 iun.
1129 2351 1208 2390 &c.
1234 2362 1370 2403 patet,
1402 2349 1521 2402 ipsius

250 2405 351 2442 adeo
374 2406 599 2457 scripturae
630 2404 773 2444 sacrae.
803 2404 944 2456 Itaque
972 2404 1036 2442 hic
1054 2403 1209 2444 facilius
1236 2404 1290 2443 est
1311 2403 1519 2456 reprehen-

251 2458 345 2496 dere
375 2459 414 2497 δε
443 2460 543 2497 vitia
573 2458 891 2506 deprehendere,
928 2471 1045 2510 qnam
1073 2458 1195 2510 ipsum
1226 2458 1385 2504 facere,
1416 2458 1520 2508 quod

250 2511 330 2551 fine
351 2512 452 2551 vitio
481 2513 551 2561 sit,
584 2508 632 2553 δι’
650 2513 688 2552 in
712 2525 793 2565 quo
820 2514 1053 2566 reprehendi
1075 2512 1171 2552 nihil
1192 2510 1319 2566 poffit.
