1600 2902
255 108 352 158 280
508 108 575 154 M.
607 107 902 155 VITRUVII
937 109 1274 158 POLLIONIS

255 218 553 277 enclimaque
584 217 809 262 succisum
839 217 1029 262 Berosus
1066 219 1322 267 Chaldaeus
1355 219 1525 269 dicitur

256 289 493 335 invenisse.
537 289 753 351 Scaphen
784 291 874 335 five
903 290 1316 349 hemisphaerium,
1339 292 1524 338 Aristar·

253 363 367 410 chus
396 365 605 409 Samius:
664 363 789 408 idem
833 364 970 409 etiam
1011 363 1188 409 discum
1227 366 1275 410 in
1316 367 1524 427 planitia.

255 435 541 492 Arachnen,
580 437 804 483 Eudoxus
846 436 1124 498 astrologus:
1184 442 1403 484 nonnulli
1454 440 1525 483 di-

252 522 369 556 cunt
389 511 719 570 Apollonium.
745 510 1008 555 Plinthium
1034 510 1125 554 five
1148 511 1350 567 lacunar,
1371 512 1524 572 (quod

254 588 394 632 etiam
433 585 481 630 in
513 586 648 631 Circo
679 584 909 629 Flaminio
943 584 1005 628 est
1038 584 1272 645 positum)
1303 584 1525 646 Scopinas

253 658 531 719 Syracusius.
580 657 687 714 Πρὸς
712 657 764 699 τοὶ
790 660 1052 714 ἱστερούμενοι,
1084 658 1383 706 Parmenion.
1418 660 1526 716 Πρὸς

254 733 334 775 πᾶν
361 739 499 783 κλιμα,
520 730 815 774 Theodosius
848 731 887 773 δ’(
913 729 1120 774 Andrias.
1157 731 1406 786 Patrocles,
1441 748 1526 791 pe-

255 805 462 850 lecinon.
533 803 923 865 DionysodoruS,
967 819 1157 847 conum.
1210 802 1520 863 Apollonius,

255 879 536 940 pharetram.
579 876 781 936 Aliaque
811 893 979 938 genera
1018 877 1059 923 8c
1094 878 1176 936 qui
1203 878 1336 937 supra
1373 877 1528 938 scripti

251 953 389 1007 sunt,
437 953 477 996 Sc
517 953 590 997 alii
639 953 795 1013 plures
840 953 1033 997 inventa
1078 952 1404 1011 reliquerunt:
1455 951 1527 996 uti

253 1024 554 1084 gonarchen‚
595 1034 864 1084 engonaton
889 1057 902 1078 ‚
947 1024 1267 1067 antiboreum.
1311 1024 1430 1068 Item
1467 1039 1527 1068 ex

254 1097 325 1142 his
358 1096 608 1159 generibus
639 1096 831 1141 viatoria
861 1097 1047 1156 pensilia
1081 1097 1150 1142 uti
1181 1096 1368 1150 fierent,
1417 1096 1528 1155 plu-

256 1187 328 1217 :res
353 1170 535 1230 scripta
583 1170 892 1229 reliquerunt.
967 1170 1034 1213 Ex
1071 1186 1281 1229 quorum
1320 1169 1447 1214 libris
1495 1169 1527 1213 fi

257 1245 363 1304 quis
399 1245 512 1289 velit
538 1241 852 1290 suffic-&tiones
884 1244 1121 1299 invenire,
1154 1244 1353 1303 poterit,
1384 1243 1529 1288 durn-

253 1316 406 1362 :modo
459 1317 567 1361 sciat
619 1318 954 1362 analemmatos
1004 1317 1345 1377 descriptiones.
1405 1317 1527 1363 Item

253 1390 362 1435 sunt
395 1407 453 1435 ex
480 1407 601 1450 aqua
630 1391 918 1450 conquisitae
938 1390 997 1435 ab
1022 1390 1197 1435 eisdem
1226 1389 1526 1449 scriptoribus

254 1464 613 1523 horologiorum
645 1466 856 1509 rationes,
916 1465 1228 1521 Primumque
1259 1481 1283 1507 a
1320 1462 1526 1507 Ctesibio

255 1523 583 1581 Alexandrino
599 1569 610 1588 ‚
632 1535 715 1594 qui
741 1535 878 1579 etiarn
902 1534 1084 1593 spiritus
1108 1536 1361 1591 naturales,
1382 1551 1528 1594 pneu-

257 1606 544 1665 maticasque
577 1622 642 1650 res
675 1606 869 1650 invenit.
911 1605 1003 1650 Sed
1041 1607 1110 1650 uti
1141 1605 1334 1652 fuerunt
1369 1624 1420 1651 ea
1448 1624 1526 1652 ex-

257 1681 452 1741 quisita,
496 1680 694 1743 dignum
734 1679 940 1724 studiosis
978 1681 1040 1724 est
1070 1681 1332 1742 agnoscere.
1381 1681 1528 1726 Ctesl-

256 1755 362 1802 bius
399 1754 525 1799 enim
557 1753 706 1799 fuerat
742 1754 1047 1798 Alexandriae
1083 1765 1218 1799 natus
1254 1766 1383 1815 patre
1416 1767 1529 1800 ton-

254 1827 372 1873 sore.
417 1827 455 1870 Is
481 1827 669 1889 ingenio
699 1826 740 1872 Sc
771 1826 990 1871 industria
1019 1843 1184 1888 magna
1214 1838 1396 1885 praeter
1420 1826 1528 1870 reli-

255 1916 379 1961 quos
413 1902 674 1955 excellens,
727 1896 877 1944 didius
919 1900 982 1944 est
1021 1900 1266 1944 artificiosls
1307 1898 1444 1942 rebus
1483 1899 1527 1943 se

258 1970 505 2018 delefflare.
545 1974 765 2032 Namque
795 1988 905 2017 cum
929 1970 1144 2017 voluisset
1172 1972 1219 2015 in
1244 1971 1435 2016 taberna
1457 1971 1528 2015 sui

256 2049 398 2108 patris
430 2048 675 2107 speculum
707 2048 767 2092 ita
798 2047 1035 2108 pendere,
1072 2060 1125 2093 ut
1162 2065 1272 2092 cum
1301 2048 1526 2092 educere-

257 2130 367 2175 tur,
400 2120 677 2179 sursumque
706 2120 1034 2174 reduceretur,
1074 2121 1195 2165 linea
1226 2122 1370 2164 latens
1403 2136 1527 2180 pon-

259 2191 347 2238 dus
396 2191 682 2247 deduceret,
722 2192 784 2236 ita
822 2194 1068 2237 collocavit
1111 2193 1522 2237 machinationem.

257 2262 483 2309 Canalem
520 2265 728 2326 ligneum
768 2262 853 2307 sub
890 2266 1022 2326 tigno
1053 2264 1182 2318 fixit,
1229 2263 1394 2323 ibique
1429 2274 1526 2306 tro-

260 2336 411 2380 chleas
440 2337 713 2382 collocavit:
749 2353 834 2397 per
864 2339 1070 2382 canalem
1103 2338 1274 2382 lineam
1304 2337 1352 2380 in
1379 2351 1526 2397 angu-

257 2408 362 2454 lum
384 2409 608 2467 deduxit,
639 2411 803 2473 ibique
834 2411 1028 2457 tubulos
1057 2410 1254 2469 struxit,
1279 2410 1328 2454 in
1354 2424 1429 2453 eos
1456 2409 1526 2469 pi-
