1600 2902
251 119 342 165 272
501 98 566 146 M.
600 98 893 146 VITRUVII
926 101 1213 151 POLLION
1216 100 1268 150 IS

250 219 390 270 caput
414 206 578 252 Arietis
594 241 605 263 ,
621 208 662 253 &⁸
688 223 831 252 manu
853 207 1016 253 dextra
1035 210 1237 257 innitens
1259 209 1521 272 Cass'iopeae

249 285 523 338 simulacro,
572 284 698 326 laeva
730 282 865 342 supra
905 280 1128 345 Aurigam
1170 295 1299 331 tenet
1341 286 1522 349 601·ςο-

249 372 396 402 neum
435 356 495 401 ad
538 355 779 400 summum
822 366 994 416 caput,
1039 355 1382 419 subiiciensque
1420 358 1533 404 An*

250 429 504 476 dromedae
531 428 742 489 pedibus.
767 428 887 473 Item
916 429 1060 476 Pisces
1090 430 1230 490 supra>
1257 431 1520 478 Androme-

249 505 359 550 dam
391 503 431 548 Sc
454 504 548 547 eius
581 513 795 547 ventrem
825 503 866 548 8c
903 504 1057 563 Equi,
1098 505 1349 563 quaesunt
1384 506 1520 566 supra

247 578 428 638 spinam
466 575 616 635 Equi,
654 576 784 621 cuius
810 577 980 621 ventris
1010 577 1282 622 lucidissima
1308 578 1432 623 stella
1466 579 1521 622 fi-

248 650 322 695 nit
349 650 564 694 ventrem
593 647 713 707 Equi
754 648 794 694 8c
823 659 966 709 caput
1002 647 1348 695 Andromedae.
1420 652 1523 695 Ma-

250 738 337 767 nus
368 720 703 766 Andromedae
721 720 883 766 dextra
898 754 914 778 ,
949 721 1085 781 supra
1103 722 1366 782 Cassiopeae
1385 723 1524 767 fimu-

249 798 427 842 lacrum
455 795 516 840 est
550 793 824 849 constituta,
858 795 987 840 laeva
1022 795 1161 855 super
1194 795 1521 855 aquilonarem

251 867 442 913 Piscem.
471 867 592 911 Item
625 864 859 925 Aquarius
888 866 1024 927 supra
1050 866 1171 927 Equi
1200 879 1352 928 caput.
1398 867 1522 927 Equi

251 943 482 988 auriculae
507 942 746 1003 attingunt
774 939 969 1000 Aquarii
1001 958 1164 1004 genua.
1205 941 1397 1001 Aquarii
1425 955 1522 986 ηιθ-

252 1013 330 1058 dia
365 1014 426 1058 est
453 1013 602 1057 dicata
628 1013 930 1071 Capricorno.
960 1013 1108 1073 Supra
1137 1014 1185 1058 in
1217 1015 1520 1058 altitudinem

250 1085 423 1146 Aquila
450 1086 489 1130 gc
512 1086 803 1145 Delphinus:
846 1086 1107 1131 fecundum
1141 1087 1316 1141 eos'est
1340 1086 1520 1148 Sagitta.

251 1160 326 1205 Ab
350 1177 401 1205 ea
426 1171 585 1204 autem
615 1159 830 1205 Volucris
850 1194 862 1216 ,
902 1161 1033 1205 cuius
1061 1176 1218 1220 penna
1251 1160 1412 1205 dextra
1435 1158 1524 1203 Ce-

250 1234 362 1295 phei
399 1249 594 1278 manum
631 1233 815 1297 attingit
846 1233 886 1278 Sc
927 1233 1191 1294 sceptrum,
1231 1235 1356 1277 laeva
1385 1231 1523 1291 supra

249 1307 536 1367 Caffiopeam
563 1307 803 1351 innititure
825 1307 909 1352 sub
931 1306 1039 1351 Avis
1070 1308 1219 1352 cauda
1233 1307 1376 1367 pedes
1399 1306 1521 1364 Equi

248 1379 357 1425 sunt
386 1377 613 1435 subteffu,
657 1379 768 1424 inde
812 1378 1067 1442 Sagittarii,
1115 1378 1413 1440 Scorpionis,
1447 1377 1523 1421 Li-

250 1452 358 1497 brae
385 1470 395 1496 :
431 1452 620 1511 insuper
655 1451 853 1511 Serpens
887 1452 1073 1496 summo
1106 1452 1249 1496 rostro
1282 1452 1520 1495 Coronam

249 1524 426 1586 tangit:
459 1523 518 1567 ad
550 1539 657 1567 eum
683 1523 897 1567 medium
920 1523 1202 1583 Ophiuchus
1231 1524 1278 1567 in
1303 1523 1521 1568 manibus

249 1606 381 1640 tenet
412 1593 716 1654 Serpentem,
765 1597 896 1640 laevo
928 1595 1052 1655 pede
1096 1597 1271 1640 calcans
1312 1595 1521 1640 frontem

250 1666 544 1727 Scorpionis:
566 1667 624 1711 ad
655 1667 861 1711 mediam
891 1679 1069 1726 partem
1091 1668 1335 1728 Ophiuchi
1360 1667 1520 1727 capitis

250 1756 351 1785 non
379 1741 519 1802 longe
556 1740 759 1799 positum
798 1739 859 1783 est
893 1751 1036 1800 caput
1068 1740 1189 1795 eius,
1223 1740 1306 1800 qui
1348 1740 1520 1784 dicitur

250 1809 402 1854 Nixus
435 1809 484 1852 in
520 1809 731 1871 genibus.
762 1809 938 1853 Eorum
966 1820 1124 1853 autem
1156 1809 1378 1853 faciliores
1411 1809 1520 1853 sunt

250 1883 460 1943 capitum
488 1883 681 1927 vertices
722 1882 781 1926 ad
808 1882 1191 1944 cognoscendum
1209 1915 1221 1935 ,
1246 1880 1390 1939 *quod
1419 1896 1528 1924 non

252 1954 453 2000 obscuris
475 1955 608 1999 stellis
638 1954 745 1998 sunt
771 1954 1065 1999 conformati.
1102 1953 1185 1997 Pes
1212 1952 1521 2014 Ingeniculati

250 2026 383 2070 adid
417 2025 608 2072 fulcitur
640 2026 799 2087 capitis
830 2038 1018 2087 tempus
1047 2026 1310 2086 Serpentis,
1350 2026 1430 2085 qui
1459 2027 1520 2070 est

251 2099 371 2143 'mter
386 2097 570 2155 Areios,
592 2101 672 2160 qui
699 2100 1067 2159 Septemtriones
1096 2100 1344 2154 dicuntur,
1367 2098 1524 2158 impli-

252 2186 400 2218 catus:
419 2182 424 2185 ”
444 2190 585 2234 parve
617 2191 698 2234 per
716 2190 790 2218 eos
814 2171 1015 2218 fleclitur
1036 2173 1319 2233 Delphinus:
1357 2183 1517 2217 contra

251 2245 470 2291 Volucris
503 2246 699 2292 rostrum
736 2245 797 2289 est
823 2246 1057 2306 proposita
1088 2246 1220 2306 Lyra.
1271 2246 1396 2288 lnter
1432 2244 1520 2286 hu-

253 2336 406 2364 meros
435 2319 649 2364 Cnstodis
676 2320 717 2365 Sc
742 2319 1007 2364 Geniculati
1039 2320 1225 2363 Corona
1260 2317 1321 2362 est
1346 2326 1519 2361 ornata.

255 2393 312 2436 In
360 2394 728 2454 septemtrionali
774 2410 884 2440 vero
925 2394 1131 2450 circulo,
1184 2391 1303 2437 duae
1347 2389 1525 2450 positae-
