1600 2902
381 173 1012 219 COMPENDlUM.
1259 180 1334 223 345

69 278 248 319 bendum
283 286 500 315 caementa.
569 275 672 314 Nam
705 273 732 312 sl
768 272 837 313 sub
870 272 953 312 sole
986 269 1134 310 diutius
1163 267 1339 316 fuerint,

70 353 141 383 aut
175 339 364 379 imbribus
400 339 635 391 pruinisque
671 337 846 383 solutae,
881 336 921 374 &
955 333 1130 373 tertosae
1162 331 1200 371 δι
1223 331 1340 370 vani-

71 405 143 443 dae
169 400 282 440 fiunt.
329 400 509 440 Foffitiae
536 401 671 452 itaque
695 412 784 439 cum
809 408 993 438 recentes
1032 396 1142 444 sunt,
1173 393 1340 434 tectorio

70 465 182 515 operi
203 474 367 516 propter
401 463 680 517 pinguedinem
703 462 956 500 conveniunt
972 491 984 507 ‚
1017 458 1245 499 ssuviaricae
1268 470 1342 496 au·

70 535 149 564 tem
197 536 360 578 propter
395 525 642 563 macritatem
683 522 836 575 signino
874 522 986 575 operi
1032 521 1344 572 incongruentes

69 585 172 626 sunt.
208 586 283 624 Sed
308 586 530 626 iaculorum
561 583 851 624 subactionibus
876 583 911 621 in
939 581 1107 622 tenorio
1131 592 1254 634 opere
1278 591 1344 618 re·-

72 647 225 701 cipiunt
264 645 526 694 soliditatem,
585 647 624 685 in
662 644 935 684 caementitias
969 653 1101 683 autem
1138 639 1345 681 structuras

71 722 171 763 pura
198 721 319 750 arena
346 710 537 749 mittatur.
973 714 976 716 ’

658 791 754 832 ΙΧ.

408 870 467 907 De
495 867 603 906 calcis
631 865 784 904 utilitate
807 865 1004 917 probanda.

130 945 232 986 Calx
261 946 395 997 itaque
418 946 467 984 de
494 945 586 984 albo
620 943 711 983 saxo
739 943 804 981 vel
831 943 1025 982 tiburtino
1059 952 1129 980 aut
1154 938 1351 980 columbi-

78 1020 133 1047 no
174 1007 356 1047 fluviatili
393 1019 618 1059 coquatur,
658 1017 728 1045 aut
765 1006 889 1046 rubro
921 1016 991 1044 aut
1020 1002 1207 1056 spongia:
1247 1012 1351 1054 quae

78 1070 182 1109 enim
199 1071 274 1109 erit
296 1082 346 1108 ex
367 1069 483 1123 spiffo
508 1070 548 1109 δι
569 1070 671 1110 duro
700 1067 794 1108 saxo
812 1099 823 1115 ‚
852 1067 1006 1107 utiliter
1029 1065 1233 1105 stru&uris
1256 1075 1351 1102 con-

78 1132 217 1171 veniet
236 1147 248 1180 3
271 1145 374 1185 quae
402 1145 536 1172 autem
556 1144 603 1172 ex
625 1131 800 1172 fistuloso
823 1142 893 1170 aut
923 1130 1090 1170 exiliore
1117 1128 1246 1177 lapide
1265 1126 1353 1165 fue·

80 1195 156 1242 rit,
183 1197 401 1235 conveniet
425 1196 537 1249 operi
567 1194 752 1234 tectorio.
782 1194 829 1233 ln
855 1187 1144 1234 commixtione
1176 1191 1225 1230 ad
1255 1191 1353 1229 duas

81 1267 215 1308 partes
240 1269 384 1296 arenae
418 1269 496 1297 una
523 1257 644 1297 calcis
677 1259 871 1296 mittatur.
921 1255 967 1295 ln
1001 1254 1187 1295 fluviatili
1217 1264 1354 1292 autem

82 1331 201 1358 arena
225 1319 252 1357 fi
286 1321 444 1359 tertiam
471 1330 622 1373 partem
650 1317 772 1359 testae
800 1330 932 1359 cretae
961 1316 1182 1362 addideris,
1214 1314 1355 1353 miram

82 1378 319 1424 soliditatem
350 1383 484 1435 operis
512 1381 734 1435 praestabit.

696 1463 748 1505 X.

484 1541 543 1579 De
578 1539 740 1578 lateribus
760 1539 950 1590 finiendis.

135 1619 323 1660 Faciendi
347 1629 483 1659 autem
510 1619 654 1661 lateres
682 1617 770 1658 sunt
795 1630 844 1657 ex
870 1628 977 1657 terra
995 1616 1084 1655 alba
1100 1647 1113 1665 ‚
1139 1627 1190 1655 ex
1217 1627 1329 1656 creta
1346 1646 1360 1666 ‚

86 1693 135 1720 ex
164 1683 346 1729 rubrica,
369 1692 440 1720 aut
465 1680 655 1720 sabulone
674 1681 866 1720 masculo.
898 1680 1008 1719 Haec
1028 1692 1174 1731 genera
1204 1689 1361 1730 terrae,

84 1756 248 1798 propter
275 1744 501 1793 levitatem,
550 1746 717 1785 fortiora
742 1745 829 1785 sunt
853 1745 980 1797 operi.
1011 1743 1159 1783 Cetera
1185 1756 1360 1796 genera,

87 1806 196 1858 quod
231 1816 301 1845 aut
327 1807 462 1858 gravia
503 1805 615 1853 sunt,
655 1817 724 1845 aut
750 1805 882 1856 paleas
912 1817 993 1845 non
1024 1806 1262 1852 continent,
1289 1814 1362 1844 aut

87 1866 260 1905 humore
293 1865 418 1918 sparsa
439 1866 522 1904 cito
553 1865 787 1914 solvuntur,
814 1876 1029 1918 propterea
1052 1863 1212 1903 fabricis
1240 1864 1363 1904 inuti-

84 1929 137 1969 lia
161 1930 361 1969 videntur.
412 1929 601 1968 Ducendi
636 1942 767 1969 autem
796 1928 882 1967 sunt
921 1928 1065 1967 lateres
1095 1938 1224 1966 verno
1255 1938 1362 1966 tem-

87 2004 211 2046 pore,
259 2004 302 2032 ut
331 2004 377 2031 ex
408 1994 516 2031 lento
545 1991 782 2032 siccefcant:
820 1993 887 2044 qui
915 1991 1019 2029 enim
1049 1989 1236 2028 solstitiali
1261 2001 1364 2028 tem-

87 2066 187 2107 pore
211 2067 423 2107 parantur,
473 2054 604 2094 vitiosi
632 2055 759 2102 fluns,
801 2054 988 2106 quoniam
1016 2052 1127 2090 calor
1154 2049 1247 2090 solis
1273 2063 1363 2089 tor-

94 2116 205 2156 ridus
231 2119 384 2157 corium
416 2119 454 2155 in
481 2118 634 2157 summo
671 2119 753 2157 cito
783 2118 980 2164 desiccat,
1013 2116 1053 2155 ὃ(
1083 2116 1191 2168 quasi
1221 2114 1366 2166 integri

94 2177 302 2216 videntur:
335 2177 470 2230 postea
504 2180 645 2217 humor
670 2181 918 2218 interranens
944 2179 1037 2216 dum
1073 2176 1239 2214 siccatur
1268 2187 1367 2213 con-

91 2240 211 2279 trahit
232 2239 408 2285 frontes,
448 2242 486 2279 δι
519 2241 684 2280 scisluris
718 2241 884 2288 dividit,
916 2240 955 2279 δε
987 2239 1146 2279 inutiles
1168 2237 1281 2290 operi
1312 2238 1368 2275 la·

94 2316 199 2344 teres
226 2303 331 2344 facit.
375 2305 549 2344 Maxime
568 2317 697 2344 tamen
724 2305 894 2344 tectorio
913 2305 1024 2356 operi
1053 2303 1208 2341 inutiles
1225 2313 1367 2348 erunt,

94 2365 123 2405 si
153 2379 244 2405 ante
284 2367 482 2406 biennium
526 2368 772 2408 inducantur.
817 2368 911 2406 Non
947 2367 1050 2404 enim
1087 2362 1241 2416 possunt
1273 2374 1371 2402 ante

95 2430 254 2481 penitus
279 2429 429 2470 siccari.
450 2429 567 2469 Fiunt
587 2443 720 2471 autem
749 2430 916 2469 laterum
946 2440 1090 2480 genera
1113 2428 1199 2466 tria.
1231 2426 1366 2466 Unum
