1600 2902
263 207 344 255 DE
377 206 868 254 ARCHITECTURA
906 205 1014 252 LlB.
1050 204 1153 252 VII.
1243 220 1331 253 201

421 360 763 408 CAPUT
829 361 971 406 III.

76 449 143 499 De
169 466 433 496 camerarum
461 451 747 513 dispositione,
782 450 1102 511 trullg‘ffatione.
1140 449 1182 495 <b-
1208 451 1334 494 tetro-

594 525 656 567 rio
688 539 818 586 opere.

137 618 260 664 Cum
296 635 403 680 ergo
432 633 717 663 camerarum
753 616 1065 676 postulabitur
1104 617 1245 671 ratio,
1275 614 1335 661 sic

75 703 212 735 erunt
244 691 500 735 faciundae.
543 688 714 734 Afferes
751 686 911 734 dir-effi
941 689 1250 749 disponantur
1269 689 1337 732 in-

73 771 143 804 ter
173 761 242 816 se,
273 778 332 806 ne
360 764 465 821 plus
494 761 691 821 spatium
723 760 945 805 habentes
982 762 1124 820 pedes
1164 761 1332 805 binosz

74 833 115 876 Sc
146 833 193 877 hi
222 834 426 878 maxime
451 825 719 893 cupressini,
747 833 882 892 quod
909 833 1094 895 abiegni
1126 833 1184 877 ab
1216 834 1334 877 carie

73 902 115 948 86
139 905 196 948 ab
227 906 453 949 vestutate
484 905 692 950 celeriter
722 905 966 949 vitiantur:
1008 904 1155 962 hique
1179 903 1336 948 afferes

73 989 182 1018 cum
214 975 272 1018 ad
306 975 502 1020 formam
529 975 838 1020 circinationis
866 974 1040 1020 fuerint
1064 975 1329 1030 distributi,

70 1046 240 1091 catenis
271 1049 523 1107 dispositis,
567 1048 625 1093 ad
657 1050 1026 1111 contignationes
1065 1048 1183 1108 (sive
1215 1044 1335 1093 tedia

74 1120 241 1178 erunt)
286 1119 504 1164 crebriter
540 1119 675 1165 clavis
716 1120 868 1164 ferreis
905 1120 1014 1175 fixi,
1052 1120 1331 1182 religentur:

72 1208 250 1251 eaeque
277 1203 462 1236 catenae
488 1209 544 1236 ex
570 1209 620 1236 ea
652 1192 841 1237 materia
866 1204 1224 1251 comparentur,
1258 1190 1335 1235 cui

72 1278 159 1307 nec
194 1264 329 1309 caries
349 1298 361 1318 ,
400 1281 486 1309 nec
510 1264 732 1318 vetustaS,
766 1280 852 1308 nec
882 1264 1055 1308 humor
1088 1264 1222 1323 poffit
1245 1279 1335 1307 no·-

73 1352 199 1392 cere,
228 1337 278 1381 id
313 1338 393 1392 est,
434 1354 457 1382 e
489 1337 646 1392 buxo,
685 1336 930 1396 iunipero,
966 1337 1094 1391 olea,
1134 1335 1336 1389 robore,

74 1407 282 1468 cupresso
301 1444 311 1463 ,
331 1409 588 1468 ceterisque
610 1409 854 1464 similibus,
874 1420 1054 1468 praeter
1075 1423 1304 1467 quercum
1319 1440 1334 1462 ,

73 1480 207 1538 quod
239 1497 291 1524 ea
314 1479 357 1524 se
391 1480 664 1539 torquendo
701 1481 834 1525 rimas
864 1480 1019 1536 faciat,
1058 1480 1230 1539 quibus
1261 1480 1335 1523 in-

72 1550 134 1595 est
173 1551 406 1611 operibus,
447 1551 677 1597 Asseribus
715 1551 969 1612 dispositis,
1017 1564 1121 1596 tum
1160 1551 1334 1596 tomice

72 1640 129 1668 ex
159 1624 311 1683 {parto
342 1624 622 1684 Hispanico,
657 1625 908 1670 arundines
937 1626 1137 1670 Graecae
1172 1623 1334 1670 tunsae

72 1696 128 1741 ad
160 1714 236 1742 eos
267 1700 364 1757 (uti
398 1699 545 1743 forma
565 1699 799 1760 postulat)
823 1700 1087 1762 religentur.
1123 1700 1242 1743 Item
1263 1698 1336 1743 sii·

73 1785 154 1828 pra
186 1785 413 1816 cameram
451 1772 662 1816 materies
697 1787 754 1816 ex
787 1774 909 1818 calce
940 1773 980 1818 8c
1012 1788 1149 1816 arena
1185 1772 1333 1817 mixta

73 1841 272 1886 subinde
303 1843 555 1889 inducatur
572 1878 584 1898 ,
617 1857 671 1889 ut
694 1878 706 1900 ‚
742 1845 771 1889 fi
792 1861 913 1904 quae
939 1845 1077 1889 stillae
1101 1861 1157 1889 ex
1181 1843 1335 1889 conti-

72 1914 369 1974 gnationibus
405 1927 482 1959 aut
520 1913 648 1961 tediis
689 1917 969 1972 ceciderint,
1007 1917 1328 1960 sustineantur.

73 1985 152 2028 Sin
172 1998 328 2030 autem
362 1988 601 2033 arundinis
628 1988 825 2034 Graecae
851 1990 981 2049 copia
1009 2005 1107 2034 non
1127 1988 1236 2042 erit,
1271 1988 1331 2032 de

72 2058 321 2116 paludibus
351 2072 513 2105 tenues
546 2063 853 2123 colligantur,
883 2064 922 2108 &⁴
946 2074 1154 2107 mataxae
1189 2061 1334 2106 tomi·

71 2145 123 2172 ce
153 2129 210 2173 ad
247 2131 407 2176 iustam
444 2134 792 2195 longitudinem
819 2151 909 2179 una
942 2135 1230 2179 crassitudine
1265 2135 1331 2178 al-

72 2202 369 2263 ligationibus
411 2215 764 2265 temperentur,
813 2210 930 2252 dum
968 2224 1026 2252 ne
1060 2209 1164 2266 plus
1209 2207 1329 2250 inter

72 2272 190 2316 duos
224 2273 373 2318 nodos
409 2276 746 2338 alligationibus
790 2280 921 2323 binos
951 2279 1094 2338 pedes
1133 2278 1327 2334 distent,

70 2345 111 2389 Sc
141 2347 227 2390 hae
259 2347 315 2390 ad
346 2347 498 2392 asseres
527 2351 625 2408 (uti
658 2351 789 2410 supra
820 2353 1037 2411 scriptum
1064 2350 1150 2408 est)
1187 2350 1329 2394 torni-

68 2431 120 2460 ce
146 2417 426 2477 religentur,
459 2420 734 2479 cultellique
764 2423 902 2484 lignei
931 2423 974 2465 in
995 2438 1064 2465 eas
1094 2422 1328 2484 configan-

68 2500 153 2535 tur.
194 2490 357 2536 Cetera
384 2492 539 2537 omnia
561 2527 573 2550 ,
614 2494 682 2539 uti
710 2495 841 2556 supra
875 2497 1098 2555 scriptum
1122 2497 1205 2554 est,
1246 2512 1326 2542 ex-
