1600 2902
226 179 316 224 262
468 172 534 219 M.
569 172 860 218 VITRUVII
893 173 1228 223 POLLIONIS

225 281 347 326 versa
388 279 427 324 8c
461 281 677 325 inclinata
711 280 759 324 in
795 279 1072 336 meridiem,
1099 284 1257 328 circuli
1290 281 1394 327 data
1416 296 1490 327 zo-

226 370 286 398 na
322 353 575 399 duodecim
621 354 753 415 fignis
795 353 857 398 est
896 353 1208 411 conformata,
1248 372 1368 415 quae
1407 371 1489 399 eo·-

224 442 331 471 rum
365 425 533 485 species
575 425 708 470 stellis
755 425 1010 485 dispositis,
1051 426 1302 479 duodecim
1345 429 1487 488 parti-

225 498 313 544 bus
343 498 662 558 peraequatiS,
719 499 940 558 exprimit
985 495 1218 558 depictam
1261 517 1286 545 a
1322 512 1487 545 natura

225 570 568 632 figurationem.
599 571 764 630 Itaque
806 572 1009 616 lucentia
1035 588 1144 617 cum
1174 573 1358 618 mundo
1385 574 1488 619 reli-

227 659 424 702 quoque
452 643 651 688 siderum
674 654 841 688 ornatu
867 643 1043 688 circum
1076 655 1241 689 terram
1264 663 1486 706 mareque

223 716 538 776 pervolantia,
572 716 726 761 cursus
761 715 1012 775 perficiunt
1042 716 1101 761 ad
1125 718 1245 761 coeli
1274 720 1487 763 rotundi-

225 799 380 831 tatem.
419 787 594 832 Omnia
631 801 789 833 autem
823 788 996 832 visitata
1027 788 1068 834 δε
1102 789 1325 835 invisitata
1363 803 1486 835 tern-

223 872 395 919 porum
419 859 755 904 necessitudine
783 858 890 905 sunt
920 859 1192 904 constituta:
1230 877 1287 905 ex
1313 862 1487 918 quibus

223 931 302 977 sex
328 933 445 995 signa
479 949 679 978 numero
715 933 847 994 supra
880 944 1051 978 terram
1075 949 1184 977 cum
1221 936 1354 979 coelo
1390 953 1487 996 per·

223 1016 477 1067 vagantur-3
513 1016 663 1051 cetera
691 1006 776 1051 sub
808 1019 974 1051 terram
1005 1005 1278 1062 subeuntia,
1312 1007 1369 1052 ab
1390 1008 1486 1054 eius

224 1077 394 1122 umbra
424 1078 738 1125 obscurantur.
787 1077 878 1123 Sex
915 1090 1074 1122 autem
1113 1094 1170 1122 ex
1205 1078 1270 1122 his
1306 1078 1486 1139 semper

221 1147 357 1207 supra
385 1160 549 1194 terram
590 1150 819 1194 nituntur.
876 1149 1067 1216 Quanta
1097 1165 1197 1208 pars
1231 1150 1358 1194 enim
1399 1167 1486 1195 nom

222 1220 386 1265 viffimi
427 1222 538 1285 signi
578 1223 865 1282 depressione
896 1219 1051 1267 coacia
1091 1220 1346 1266 versatione
1379 1223 1487 1267 sub-

220 1293 320 1338 iens
360 1293 445 1339 sub
492 1302 657 1340 terr‘am
702 1296 990 1349 occultatur,
1054 1294 1352 1339 tantumdem
1389 1295 1486 1340 eius

221 1369 480 1414 contrariae
515 1369 779 1413 versationis
813 1368 1072 1413 necestitate
1109 1367 1364 1428 suppressa,
1407 1385 1484 1413 ro-

221 1439 399 1484 tatione
432 1440 705 1486 circumaffla
741 1452 861 1486 trans
893 1458 916 1485 e
941 1441 1050 1486 iocis
1084 1457 1182 1485 non
1215 1441 1483 1500 patentibus

218 1507 262 1552 8(
295 1509 498 1555 obscuris
544 1512 779 1573 egreditur
821 1512 879 1556 ad
918 1513 1087 1556 lucem.
1150 1512 1370 1571 Namque
1415 1514 1482 1557 vis

219 1595 313 1625 una
350 1581 392 1626 Sc
438 1583 668 1627 necessitas
705 1592 966 1641 utrumque
1003 1583 1136 1627 simul
1170 1582 1396 1628 orientem
1437 1585 1479 1630 8c

220 1653 516 1699 occidentem
554 1655 748 1715 perficit.
799 1655 862 1704 Ea
891 1666 1050 1701 autem
1096 1656 1215 1718 signa
1245 1672 1354 1700 cum
1393 1657 1481 1701 slnt

218 1739 420 1772 numero
446 1739 545 1780 XII,
572 1738 820 1787 partesque
849 1727 1148 1771 duodecimas
1179 1727 1352 1788 singula
1377 1729 1483 1788 pos-

220 1800 399 1846 sideant
432 1802 632 1856 mundi,
670 1801 1005 1859 versenturque
1037 1801 1096 1845 ab
1117 1802 1294 1846 oriente
1322 1803 1381 1846 ad
1402 1820 1479 1848 oc-

221 1871 460 1917 cidentem
500 1872 825 1925 continenter,
867 1882 982 1915 tunc
1018 1888 1101 1931 per
1135 1888 1186 1916 ea
1214 1872 1335 1933 figna
1365 1889 1481 1917 con-

219 1944 359 1988 trario
402 1943 537 1988 cursu
583 1944 743 1999 Luna,
791 1946 914 1989 stella
959 1944 1209 2001 Mercurii,
1259 1945 1478 2002 Veneris,

220 2015 315 2075 ipse
347 2015 456 2071 Sol,
496 2017 706 2076 itemque
742 2016 928 2075 Martis,
963 2017 1002 2062 8<
1026 2019 1167 2074 Iovis,
1197 2018 1237 2064 Sc
1261 2017 1478 2075 Saturni,

219 2099 276 2134 ut
294 2105 379 2150 per
409 2090 638 2152 graduum
669 2090 976 2138 ascensionem
1000 2104 1342 2152 percurrenteS,
1366 2094 1480 2138 alius

219 2162 304 2206 alia
346 2163 630 2210 circuitionis
672 2164 996 2227 magnitudine
1033 2165 1090 2210 ab
1126 2166 1372 2211 occidente
1417 2165 1479 2210 ad

221 2236 452 2282 orientem
501 2237 549 2283 in
590 2238 774 2283 mundo
822 2252 1146 2299 pervagantur.
1225 2240 1357 2284 Luna
1401 2239 1478 2283 die

220 2321 286 2354 XX
300 2322 399 2354 V111
444 2308 484 2355 gc
513 2310 711 2370 amplius
747 2309 924 2357 circiter
954 2311 1064 2356 hora
1094 2312 1213 2356 coeli
1244 2310 1476 2356 circuitio-

220 2396 329 2426 nem
358 2397 656 2442 percurrens,
695 2398 753 2426 ex
783 2398 881 2441 quo
910 2383 1116 2442 coeperit
1143 2383 1267 2444 signo
1288 2382 1376 2436 ire,
1415 2380 1475 2425 ad

221 2452 273 2499 id
300 2454 480 2520 fignum
510 2454 786 2502 revertendo
815 2455 1225 2517 perficitdunarem
1254 2453 1474 2500 mensem.
