1600 2902
294 145 377 193 DE
411 142 908 192 ARCHITECTURA
950 146 1060 192 LIB.
1093 145 1158 191 X.
1271 160 1363 208 327

95 249 333 315 compasta
367 252 547 314 pedum
587 266 725 298 XXXV
761 255 813 312 >1<
852 254 1149 299 crassitudine
1187 251 1362 313 sesqui-

97 327 248 389 pedali
279 328 330 385 >ξ<
369 326 619 372 latitudine
644 327 823 388 pedum
861 340 912 371 Π.
955 325 1204 372 coniuncta
1242 326 1364 387 capi·-

96 401 221 446 tibus
246 401 564 445 transversario
591 400 832 445 cardinato
858 399 1015 462 tigno,
1038 398 1079 444 gc
1098 399 1242 444 altero
1263 415 1365 444 me·-

94 474 237 519 diano
262 474 384 518 inter
409 473 527 518 duos
549 473 705 531 scapos
728 471 991 527 cardinato,
1012 472 1052 517 Sc
1074 471 1253 516 laminis
1273 471 1365 517 fer-

82 547 180 606 *reis
210 547 426 610 religato:
471 563 572 605 quo
603 544 793 604 insuper
840 544 1064 588 collocata
1104 557 1199 588 erat
1227 544 1365 588 alter-

94 617 166 662 nis
203 619 417 663 materies
449 618 570 661 inter
601 615 756 674 scapos
793 613 834 659 Sc
867 613 1237 659 transversarium
1271 624 1362 659 tra·-

94 686 239 745 ieCla,
265 689 490 751 cheloniis
514 689 555 734 Sc
579 687 839 732 anconibus
857 688 1049 732 firmiter
1076 687 1264 732 inclusa.
1305 688 1361 732 In

95 778 148 807 ea
166 763 355 807 materia
388 762 581 807 fuerunt
619 778 678 805 ex
707 771 848 805 torno
883 758 988 806 facti
1025 761 1195 805 axiculi
1227 761 1362 819 duo,

97 852 125 881 e
152 835 328 895 quibus
355 835 491 880 funes
519 834 687 897 alligati
726 833 989 879 retinebant
1018 835 1226 879 arietem.
1269 834 1362 880 Su·-

93 924 177 968 pra
196 918 338 967 caput
358 923 553 964 eorum,
580 908 663 967 qui
689 907 996 952 continebant
1025 906 1244 963 arietem,
1272 909 1365 953 col-

94 981 304 1025 locatum
337 991 432 1025 erat
472 981 722 1040 pluteum,
757 979 1007 1024 turriculae
1054 978 1362 1026 similitudine

97 1067 345 1108 ornatum,
389 1052 458 1097 uti
499 1052 594 1097 fine
635 1051 850 1112 periculo
897 1051 999 1097 duo
1046 1049 1219 1096 milites
1253 1064 1366 1098 tuto

96 1126 261 1172 stantes
297 1127 557 1188 prospicere
592 1127 803 1187 possent,
843 1125 884 1170 Sc
914 1125 1211 1184 renuntiare,
1248 1146 1363 1189 quas

95 1215 165 1243 res
186 1199 426 1244 adversarii
463 1211 760 1245 conarentur.
796 1197 925 1243 Aries
956 1211 1115 1245 autern
1151 1201 1245 1246 eius
1281 1203 1362 1246 ha-

96 1271 262 1316 buerat
307 1271 656 1334 longitudinem
700 1271 882 1330 pedum
924 1283 1010 1316 CIV
1204 1274 1365 1318 latitu-

99 1344 210 1389 dine
246 1346 293 1389 in
335 1346 432 1389 imo
469 1344 770 1405 palmipedali
961 1345 1251 1390 crassitudine
1278 1364 1364 1406 pe-

98 1416 191 1461 dali
401 1414 693 1462 contrafflum
752 1433 778 1461 a
836 1417 986 1476 capite
1043 1418 1090 1461 in
1151 1419 1363 1463 latitudi-

95 1505 157 1536 ne
187 1506 267 1549 pes.
309 1503 326 1533 1
478 1491 601 1550 2-
626 1489 917 1534 crassitudine
950 1501 972 1534 S
1008 1514 1085 1543 —5-.
1129 1489 1168 1533 Is
1201 1501 1364 1536 autem

96 1564 207 1608 aries
248 1563 473 1607 habuerat
511 1565 571 1608 de
609 1563 731 1608 ferro
769 1563 888 1608 duro
928 1563 1155 1618 rostrum,
1192 1565 1252 1609 ita
1289 1566 1360 1610 uti

97 1653 238 1682 naves
261 1638 426 1699 longae
456 1637 605 1683 solent
629 1638 826 1682 habere:
855 1636 896 1681 Sc
923 1654 979 1681 ex
1005 1638 1104 1698 ipio
1130 1639 1275 1683 rostro
1294 1641 1360 1684 la-

97 1707 255 1753 minae
283 1708 451 1752 ferreae
482 1720 688 1767 quatuor
715 1708 892 1753 circiter
922 1709 1105 1769 pedum
1131 1723 1200 1755 XV
1239 1712 1358 1757 fixae

97 1777 284 1824 fueraut
317 1779 364 1822 in
402 1778 604 1823 materia.
662 1777 703 1822 Α
743 1780 893 1837 capite
926 1791 1085 1825 autem
1129 1782 1189 1826 ad
1214 1783 1361 1827 imam-

99 1853 270 1898 calcem
305 1851 444 1914 tigni,
467 1851 680 1896 contenti
710 1850 902 1896 fuerunt
938 1852 1075 1898 funes
1123 1868 1361 1914 quatuor,

98 1923 392 1969 crassitudine
415 1917 681 1985 digitorum*
709 1919 840 1978 offilo,
889 1924 951 1969 ita
981 1925 1156 1987 religati
1191 1942 1362 1985 quem-

99 1994 359 2040 admodum
389 1996 514 2039 navis
548 1996 695 2039 malus
724 2012 748 2040 a
776 1997 925 2055 puppi
947 1996 1004 2040 ad
1031 2013 1214 2056 proram
1244 2014 1357 2044 con-

99 2067 300 2120 tinetur3
348 2067 488 2126 eique
534 2066 669 2112 funes
715 2066 1056 2128 praecinCtoriis
1103 2073 1361 2116 transversis

99 2151 227 2183 erant
273 2139 446 2201 religati
471 2172 486 2194 ,
530 2139 750 2185 habentes
794 2141 914 2186 inter
950 2142 993 2186 se
1032 2144 1363 2204 palmipedalia

95 2211 247 2271 spatia.
293 2211 483 2270 Inluper
518 2213 649 2257 coriis
681 2214 831 2258 crudis
861 2225 987 2259 totus
1024 2216 1134 2260 aries
1163 2228 1258 2261 erat
1287 2217 1361 2262 in-

95 2285 298 2328 volutus.
351 2282 420 2326 Ex
453 2284 626 2342 quibus
663 2299 821 2330 autem
853 2286 1042 2332 funibus
1079 2288 1356 2347 pendebant

97 2372 262 2400 eorum
293 2358 468 2416 capita,
501 2357 682 2403 fuerant
719 2376 778 2404 ex
819 2359 939 2405 ferro
974 2357 1112 2405 fache
1149 2362 1359 2421 quadru-

94 2428 237 2489 plices
270 2439 489 2487 catenae,
530 2431 570 2476 8c
603 2431 724 2492 ipsae
765 2433 898 2478 coriis
936 2434 1094 2480 crudis
1124 2447 1251 2482 erant
1289 2436 1358 2483 'm-
