1600 2902
317 151 398 199 DE
431 148 918 197 ARCHITECTURA
960 147 1069 195 LIB.
1104 149 1166 194 X.
1282 162 1370 210 313

121 278 330 317 morum,
360 272 440 307 aut
459 273 709 305 ventorum
729 260 861 314 flatu,
881 260 1077 319 pinnae,
1100 274 1220 319 quae
1238 265 1378 303 erunt

121 336 169 381 in
197 335 328 387 rotis,
365 345 604 394 tangentes
633 348 803 391 aquam
833 330 1064 374 adversam
1082 363 1095 384 ,
1121 329 1377 372 vehemen-

121 408 157 452 ti
190 405 407 450 retrorsus
452 404 655 465 impulsu
697 400 913 459 coaciae,
962 401 1212 446 versabunt
1242 409 1378 445 rotas.

122 479 213 524 Eae
240 491 395 522 autem
423 475 715 522 involvendo
746 476 789 521 se
815 486 952 538 agent
977 491 1113 519 axem
1131 509 1143 530 ‚
1176 472 1269 518 axis
1296 487 1379 516 ve·

119 566 172 596 το
199 561 482 612 tympanum
503 570 510 593 τ
547 550 678 594 cuius
708 549 821 593 dens
843 545 1169 602 circumaffluQ
1191 545 1378 608 singulis

118 623 454 669 versationibus
500 623 700 685 singulos
734 620 924 665 secundi
964 619 1179 680 tympani
1213 617 1377 662 dentes

119 696 429 757 impellendo,
447 696 652 741 modicas
679 696 816 740 efficit
840 694 1145 740 circuitiones.
1180 693 1248 736 Ita
1265 707 1376 736 cum

120 771 461 828 quatercenties
493 770 551 813 ab
586 768 741 830 pinnis
771 779 899 812 rotae
929 767 1102 811 fuerint
1138 767 1336 811 versatae
1359 796 1375 820 ‚

119 841 262 885 semel
289 852 571 901 tympanum
604 842 801 900 planum
829 839 1146 900 circumagent
1172 836 1376 896 impulsu

122 912 302 969 dentis,
348 913 430 971 qui
466 913 523 957 ad
559 913 676 956 latus
715 911 776 956 est
805 911 924 955 fixus
958 907 1172 971 tympani
1199 908 1249 952 in
1281 908 1379 953 cul·

119 995 205 1030 tro.
241 985 387 1048 Igitur
415 986 625 1030 circuitio
655 984 871 1046 tympani
889 982 1040 1044 plani,
1070 982 1376 1042 quotiescun-

117 1073 216 1117 que
247 1058 307 1102 ad
338 1057 547 1102 foramen
573 1057 802 1117 perducet
827 1056 1053 1110 c,alculOS‚
1083 1054 1268 1098 emittet
1294 1069 1378 1112 pet

118 1130 443 1174 canaliculum.
499 1130 567 1174 Ita
594 1129 634 1174 gc
657 1129 812 1174 sonitu
847 1129 888 1175 Sc
920 1143 1120 1179 numero
1151 1126 1377 1171 indicabit

119 1200 328 1246 milliaria
350 1201 488 1261 spatia
513 1201 828 1263 navigationis.
864 1200 1000 1266 Quae
1027 1199 1195 1259 pacatis
1218 1198 1259 1244 8c
1282 1197 1376 1242 fine

118 1283 255 1317 metu
293 1273 618 1333 temporibus,
659 1272 719 1317 ad
749 1273 999 1316 utilitatem
1034 1271 1074 1316 8c
1108 1267 1380 1315 deleffiiatio-

120 1360 232 1388 nem
272 1345 502 1404 paranda,
546 1343 962 1405 quemadmodum
1008 1343 1212 1389 debeant
1244 1343 1379 1400 fieri,

118 1420 336 1482 peregisse
368 1420 544 1466 videor.

461 1523 797 1570 CAPUT
862 1524 1002 1571 XV.

223 1605 293 1651 De
329 1606 647 1669 catapultarum
674 1605 997 1669 &scorpionum
1033 1605 1282 1650 rationibus.

183 1695 327 1740 Nunc
355 1711 465 1739 vero
493 1711 612 1753 quae
635 1694 699 1738 -ad
730 1695 950 1753 praesidia
977 1694 1170 1754 periculi
1190 1728 1203 1748 ,
1228 1693 1269 1738 8ε
1298 1708 1382 1737 ne·-

120 1768 368 1813 cessitatem
406 1769 556 1812 salutis
584 1767 690 1811 sunt
712 1768 927 1823 inventa,
965 1768 1013 1811 id
1045 1767 1133 1823 est,
1175 1766 1382 1825 scorpio-

118 1857 240 1885 num
256 1875 269 1897 ‚
287 1842 625 1901 catapultarum
640 1874 653 1896 ,
674 1842 714 1885 &t
734 1841 996 1885 balistarum
1021 1840 1218 1885 rationes
1233 1873 1246 1895 ‚
1273 1839 1381 1898 qui-

121 1915 209 1959 bus
258 1914 534 1975 symmetriis
579 1914 830 1973 comparari
887 1914 1057 1974 possint
1076 1948 1088 1970 ‚
1131 1928 1381 1972 exponam.

123 1988 302 2033 Omnes
329 1989 658 2048 proportiones
694 2003 857 2033 eorum
893 2003 1171 2049 organorum
1201 1985 1383 2030 ratioci-

122 2076 295 2104 nantur
321 2077 378 2104 ex
408 2061 640 2120 proposita
672 2059 855 2121 sagittae
886 2059 1213 2122 longitudine,
1235 2075 1382 2118 quam

123 2134 173 2177 id
197 2149 423 2195 organum
451 2135 633 2179 mittere
661 2134 828 2179 debet:
857 2135 1050 2191 eiusque
1072 2148 1223 2176 nonae
1243 2132 1382 2190 partis

122 2205 176 2250 fit
202 2206 483 2260 foraminum
506 2208 552 2251 in
580 2208 789 2267 capitulis
817 2206 1121 2267 magnitudo,
1156 2222 1238 2265 per
1259 2221 1380 2264 quae

124 2279 386 2323 tenduntur
412 2279 544 2323 nervi
576 2282 715 2336 torti,
740 2281 822 2341 qui
845 2279 1025 2326 brachia
1046 2278 1285 2323 continere
1306 2294 1380 2322 ca-

122 2354 409 2412 tapultarum
446 2353 636 2399 debent.
686 2355 861 2400 Eorum
898 2364 1055 2399 autem
1092 2352 1378 2397 foraminum

123 2426 315 2486 capituli
343 2427 401 2472 fic
441 2426 729 2475 deformatur
751 2427 952 2474 altitudo
976 2426 1015 2473 Sc
1043 2425 1251 2472 latitudo.
1286 2425 1380 2473 Ta-
