1600 2902
252 185 335 233 DE
366 181 861 232 ARCHITECTURA
900 181 1009 229 ΠΒ.
1045 182 1129 228 lx.
1233 195 1329 247 257

59 293 355 359 longitudine
390 293 643 338 inclinatio.
686 289 822 337 Nam,
844 307 986 350 quam
1014 306 1208 352 magnae
1232 288 1328 335 fue-

58 371 152 416 rint
195 369 317 412 inter
357 367 761 430 contignationem
805 365 846 410 Sc
891 366 1043 410 imum
1073 364 1329 409 libramen«

59 456 160 490 tum
189 441 444 486 altitudinis
470 453 620 501 partes
647 451 736 484 tres
753 473 766 494 ,
802 451 1007 498 quatuor
1033 455 1058 482 a
1086 438 1330 498 perpendi-

58 518 168 562 culo
201 517 443 571 recedant,
474 516 514 561 8c
543 515 606 558 ibi
637 515 932 558 collocentur
963 512 1199 557 inferiores
1236 514 1330 557 cal-

57 606 130 634 ces
164 589 421 648 scaporum.
470 588 537 632 Ita
574 587 699 631 enim
738 598 876 631 erunt
912 597 1196 646 temperatae
1230 601 1331 647 gra-

62 664 215 707 duum
255 663 295 708 8c
324 662 523 722 ipsarum
568 660 788 705 scalarum
823 660 1168 706 collocationes.
1209 660 1331 706 Item

61 736 157 782 eius
188 735 253 779 rei
285 736 371 780 erit
402 733 658 792 subscripta
687 731 847 777 forma..

412 850 791 912 (CAPUT
851 851 990 912 ΙΙΙ.)

123 951 412 996 Archimedis
440 967 550 995 vero
579 966 690 995 cum
717 951 866 996 multa
895 948 1107 994 miranda
1135 948 1331 993 inventa

55 1027 98 1073 Sc
131 1026 250 1069 varia
277 1024 475 1079 fuerint,
519 1039 575 1068 ex
614 1023 837 1068 omnibus
872 1023 1014 1067 etiam
1046 1022 1228 1066 infinita
1261 1020 1336 1066 so-

55 1099 187 1142 lertia
218 1096 294 1151 id,
332 1095 466 1156 quod
501 1112 768 1156 exponam,
808 1095 998 1140 videtur
1026 1095 1112 1140 effe
1144 1093 1335 1153 expres-

56 1170 159 1214 sum
191 1169 409 1214 nimium.
466 1168 611 1213 Hiero
645 1167 1034 1229 enimSyracusis
1064 1167 1226 1215 auctius
1260 1187 1336 1215 re·-

56 1244 129 1307 gia
159 1243 410 1302 potestate,
450 1243 586 1286 rebus
623 1241 746 1286 bene
786 1241 946 1304 gestis,
992 1258 1103 1286 curn
1142 1259 1333 1289 auream

59 1331 283 1360 coronam
312 1315 523 1359 votivam
556 1315 656 1358 Diis
684 1313 1027 1359 immortalibus
1048 1314 1096 1358 in
1121 1316 1337 1373 quodam

59 1389 167 1434 fano
204 1388 503 1433 constituisset
537 1388 836 1448 ponendam,
862 1388 1058 1432 immani
1088 1388 1241 1448 pretio
1266 1391 1336 1433 lo-

58 1463 179 1508 cavit
208 1462 467 1506 ficiendam
486 1495 497 1517 ,
533 1461 574 1504 gc
600 1476 767 1505 aurum
800 1461 860 1505 ad
892 1461 1073 1506 sacoma
1103 1463 1336 1521 appendit

56 1535 362 1594 redemptori.
418 1536 457 1579 Is
493 1535 553 1579 ad
586 1546 773 1595 tempus
818 1551 938 1594 opus
979 1549 1123 1579 manu
1155 1532 1335 1580 fastum

56 1607 287 1653 subtiliter
313 1607 407 1669 regi
439 1608 749 1667 approbavit,
776 1606 816 1651 8c
841 1609 901 1651 ad
931 1608 1112 1652 sacoma
1141 1609 1335 1667 pondus

58 1696 257 1726 coronae
289 1680 408 1725 visus
446 1681 508 1725 est
539 1680 810 1741 praestitisse.
861 1681 1166 1739 Posteaquam
1213 1681 1334 1725 indi-

60 1752 186 1796 cium
227 1752 289 1796 est
318 1750 523 1808 faffiium,
557 1753 756 1813 dempto
796 1769 909 1798 auro
947 1752 1231 1797 tantundem
1267 1770 1336 1797 ar-

58 1827 186 1888 genti
228 1825 275 1870 in
319 1826 369 1870 id
413 1829 710 1872 coronarium
757 1843 876 1888 opus
907 1828 1173 1872 admixtum
1209 1826 1332 1882 esse3

58 1899 325 1962 indignatus
359 1899 503 1945 Hiero
539 1901 582 1944 se
615 1911 976 1960 contemptum,
1009 1917 1167 1959 neque
1204 1901 1333 1944 inve-

56 1971 215 2027 niens,
255 1988 347 2031 qua
391 1972 574 2017 ratione
606 1972 653 2016 id
692 1972 872 2017 furtum
916 1972 1330 2031 deprehenderet,

57 2044 235 2104 rogavit
266 2045 601 2089 Archimedem
622 2079 633 2100 ,
666 2046 733 2090 uti
764 2046 812 2089 in
841 2045 884 2089 se
914 2045 1117 2088 sumeret
1154 2043 1236 2087 fibi
1270 2045 1332 2089 de

62 2131 118 2159 co
151 2116 500 2177 cogitationem.
540 2118 679 2163 Tunc
707 2119 770 2175 is,
803 2136 913 2164 cum
936 2118 1127 2161 liaberet
1150 2115 1246 2160 eius
1265 2117 1332 2161 rei

60 2205 245 2245 curam,
274 2191 375 2235 casu
408 2192 539 2236 venit
568 2193 616 2237 in
651 2194 902 2248 balneum,
944 2193 1106 2251 ibique
1138 2208 1247 2236 cum
1280 2192 1330 2235 in

59 2262 226 2307 solium
263 2263 584 2320 descenderet,
614 2266 941 2311 animadvertit
965 2276 1199 2325 quantum
1227 2280 1331 2308 cor-

58 2336 181 2395 poris
219 2335 284 2380 sui
321 2337 366 2379 in
410 2354 464 2381 eo
497 2339 746 2396 insideret,
791 2352 977 2385 tantum
1015 2354 1164 2395 aquae
1201 2349 1331 2382 extra

60 2407 230 2451 lolium
276 2410 470 2453 clllnere.
522 2410 687 2468 Itaque
722 2429 833 2457 cum
871 2413 965 2456 eius
1003 2411 1062 2453 rei
1099 2409 1331 2453 unionem

59 2480 381 2539 explicationis
421 2481 710 2542 ollendiffet,
746 2501 843 2530 non
877 2486 939 2529 est
970 2493 1211 2537 moratu-5,
1247 2479 1330 2525 scd

194 2545 421 2591 Vitruvius.
1031 2546 1070 2590 R
