1600 2902
226 153 312 201 168
470 150 536 197 M.
568 146 859 194 VITRUvn
890 134 1223 196 POLLIONIS

220 257 350 303 lenia
380 255 705 310 consiliorum,
744 255 932 299 simulac
963 256 1022 299 ad
1052 256 1376 302 fortitudinem
1407 256 1479 300 in-

221 328 518 392 grediuntur,
551 328 618 373 ibi
645 327 988 382 succumbunt,
1006 330 1138 387 quod
1164 330 1338 374 habeut
1363 345 1481 374 exu-

221 402 310 450 &as
339 404 397 449 ab
423 404 516 448 sole
548 404 813 448 animorum
843 404 1047 448 virtutes
1093 404 1194 470 Qui
1218 422 1327 450 vero
1351 403 1483 449 refri-

222 478 382 541 geratis
409 477 662 522 nascuntur
680 476 973 539 regionibus,
995 477 1052 521 ad
1077 494 1312 522 armorum
1344 479 1481 522 velie-

223 551 450 597 mentiam
502 551 749 610 paratiores
799 551 907 595 sunt
929 585 941 606 ,
990 551 1262 613 magnisque
1307 550 1483 595 viribus

221 635 372 668 ruunt
403 622 495 667 sine
526 622 716 677 timore,
750 621 826 666 sed
849 622 1061 667 tarditate
1080 622 1221 667 animi
1253 623 1344 667 sine
1374 638 1486 666 con-

224 692 468 737 fiderantia
504 693 750 749 irruentes,
794 694 886 738 fine
929 694 1134 749 solertia,
1170 693 1256 737 suis
1292 693 1487 738 consiliis

227 765 560 828 refringuntur.
598 767 719 811 Cum
752 783 859 830 ergo
887 768 944 813 ab
984 780 1147 815 natura
1180 783 1336 812 rerum
1374 767 1486 810 haec

226 841 289 884 ita
331 840 494 884 sintin
539 841 726 885 mundo
763 844 1014 899 collocata,
1052 855 1105 888 ut
1141 858 1302 887 omnes
1336 841 1488 885 natio-

227 928 309 956 nes
353 911 672 956 immoderatis
719 914 1032 959 mixtionibus
1073 915 1161 959 sint
1203 914 1487 973 disparatae,

224 984 403 1045 placuit
421 1018 432 1039 ,
461 995 516 1030 ut
542 985 661 1030 inter
689 984 828 1045 spatia
854 987 996 1031 totius
1023 987 1148 1032 orbis
1174 997 1396 1031 terrarum
1420 1001 1490 1028 re-

229 1059 525 1119 gionumque
573 1057 731 1102 medio
778 1059 949 1104 mundi
998 1061 1206 1120 populus
1250 1059 1490 1103 Romanus

227 1129 476 1189 poffideret
526 1131 651 1176 fines.
714 1131 935 1191 Namque
983 1130 1384 1191 temperatissimae
1433 1128 1493 1174 ad

231 1213 484 1261 utramque
513 1216 720 1263 partem,
753 1204 794 1250 ὃς
824 1220 1077 1264 corporum
1112 1202 1359 1257 membris,
1393 1203 1495 1247 ani-

232 1290 522 1334 morumque
557 1278 820 1339 vigoribus,
866 1294 953 1338 pro
987 1276 1262 1321 fortitudine
1305 1275 1412 1320 sunt
1443 1274 1493 1319 in

230 1344 359 1390 Italia
383 1360 552 1407 gentes,
592 1349 1018 1415 Quemadmodum
1050 1349 1173 1393 enirn
1200 1347 1320 1392 Iovis
1348 1347 1495 1401 stella,

232 1418 354 1462 inter
383 1421 537 1465 Martis
580 1422 953 1467 ferventissimam
994 1424 1035 1469 84:
1058 1422 1242 1467 Saturni
1274 1419 1494 1483 frigidissi-

233 1506 362 1533 mam
388 1493 540 1536 media
567 1509 753 1538 currens
785 1506 1089 1554 temperatur,
1125 1493 1290 1538 eadem
1317 1492 1495 1537 ratione

236 1561 363 1606 Italia
401 1563 522 1607 inter
548 1564 971 1623 septemtrionalem
1008 1564 1415 1623 meridianamque
1436 1563 1497 1607 ab

241 1645 438 1694 utraque
486 1649 618 1697 parte
649 1638 958 1683 mixtionibus
997 1649 1270 1698 temperatas
1301 1637 1341 1682 8(
1374 1636 1495 1681 invi·

238 1704 327 1751 &aa
361 1708 501 1753 habet
542 1709 710 1754 laudes.
746 1711 910 1770 Itaque
942 1710 1150 1770 refringit
1189 1710 1497 1754 barbarorum

236 1782 354 1825 vires
387 1781 494 1826 forti
525 1799 691 1832 manu3
747 1784 969 1840 consiliis,
1013 1782 1377 1827 meridianorum
1421 1796 1498 1823 co-

239 1855 497 1916 gitatione&
530 1856 596 1901 Ita
616 1856 772 1900 divina
803 1872 933 1900 mens
955 1855 1187 1899 civitatem
1210 1853 1378 1913 populi
1402 1852 1499 1897 Ro-

240 1927 366 1971 mani
399 1929 573 1990 egregia
620 1939 972 1987 temperataque
1006 1927 1196 1988 regione
1228 1925 1498 1980 collocavit,

241 2000 312 2045 uti
329 2001 450 2045 orbis
470 2012 688 2046 terrarum
719 2002 915 2061 imperio
946 2001 1185 2061 potiretur.
1217 1999 1365 2067 Quod
1387 1999 1416 2043 si
1439 1999 1500 2042 ita

244 2072 330 2126 est,
380 2072 450 2115 uti
493 2073 719 2121 dissimiles
765 2074 970 2134 regiones
1013 2072 1071 2117 ab
1119 2070 1501 2116 inclinationibus

244 2141 361 2187 coeli
391 2142 519 2187 variis
554 2142 800 2205 generibus
830 2144 918 2187 snit
945 2154 1259 2202 comparatae,
1291 2139 1330 2184 Sc
1351 2152 1402 2184 ut
1431 2149 1502 2183 et-

245 2214 335 2259 iam
377 2227 565 2261 naturae
598 2217 808 2279 gentium
845 2215 1098 2276 disparibus
1131 2214 1293 2258 animis
1328 2212 1368 2257 Sc
1399 2227 1502 2257 cor-

245 2300 420 2344 porum
453 2285 605 2348 figuris
632 2284 1033 2345 qualitatibusque
1064 2284 1379 2337 nascerentur,
1402 2295 1500 2325 non

249 2358 521 2403 dubitemus
549 2358 867 2403 aedificiorum
889 2373 1084 2418 quoque
1108 2356 1308 2401 rationes
1335 2353 1391 2397 ad
1423 2367 1501 2395 na<

245 2432 434 2478 tionum
470 2432 777 2498 gentiumque
814 2431 1115 2495 proprietates
1147 2438 1253 2493 apte
1294 2424 1499 2473 distribui
