1600 2902
238 222 319 270 DE
353 216 839 267 ARCHITECTURA
879 216 985 263 LIB.
1018 215 1119 262 VII.
1218 228 1312 276 219

53 330 224 384 mineS‚
266 327 307 373 8c
342 342 391 371 ea
433 328 584 371 multo
621 327 864 369 meliorem
912 323 1045 370 usum
1081 320 1307 382 praestat,

55 418 195 464 quam
234 415 354 460 quae
386 398 443 443 de
480 400 674 444 metallis
703 415 786 458 per
816 397 859 442 se
887 409 992 441 nata
1022 395 1211 441 foditur.

367 518 701 566 CAPUT
771 516 991 562 XIII.

575 606 790 667 Defflro.

132 695 356 755 Incipiam
386 711 515 740 nunc
550 694 608 738 de
642 693 760 737 ostro
793 693 976 747 dicere,
1012 688 1146 750 quod
1171 689 1212 735 8c
1236 704 1306 734 ca-

50 768 287 824 riffimam,
322 769 362 814 Sc
397 766 819 813 excellentiffimam
847 765 989 808 habet
1014 774 1193 822 praeter
1218 762 1304 805 hos

50 841 224 884 colores
257 838 494 900 adspeeius
525 838 812 883 suavitatem.
858 836 913 880 ld
949 847 1105 880 autem
1140 833 1306 892 excipi-

48 922 126 955 tur
157 928 212 956 ex
249 913 498 972 conchylio
531 912 736 966 marino,
773 926 797 954 e
831 926 928 968 quo
960 924 1165 968 purpura
1197 906 1305 950 infi-

47 983 167 1028 citur
185 1019 196 1039 ,
223 986 351 1031 cuius
384 1000 480 1029 non
506 985 704 1029 minores
740 983 845 1027 sunt
872 998 1015 1041 quam
1047 994 1304 1025 ceterarum

46 1070 235 1104 naturae
280 1074 432 1103 rerum
487 1057 884 1102 confide—rantibus
944 1052 1304 1106 admirationes,

46 1130 180 1190 quod
232 1130 374 1174 habet
427 1146 526 1175 non
573 1130 620 1173 in
664 1127 884 1172 omnibus
924 1127 1062 1180 locis,
1128 1123 1301 1184 quibus

47 1200 275 1255 nascitur,
312 1202 453 1245 unius
486 1200 660 1262 generis
693 1201 926 1254 colorem,
963 1199 1040 1243 sed
1072 1197 1172 1242 solis
1202 1212 1303 1241 cur-

44 1272 95 1316 su
122 1272 387 1319 naturaliter
423 1283 720 1331 temperatur.
777 1271 942 1330 Itaque
975 1270 1108 1328 quod
1133 1269 1302 1331 legitur

45 1344 200 1389 Ponto
226 1344 266 1389 Sc
293 1344 496 1400 Galatia,
533 1344 666 1404 quod
701 1345 785 1388 hae
816 1344 1022 1405 regiones
1051 1341 1157 1385 sunt
1191 1355 1302 1400 pro-

44 1416 199 1459 ximae
242 1416 299 1460 acl
333 1416 744 1476 septemtrionem,
788 1414 849 1459 est
883 1426 1061 1459 atrum:
1111 1428 1302 1475 progre-

44 1486 282 1532 dientibus
321 1490 440 1533 inter
470 1488 854 1548 septemtrionem
891 1487 932 1532 Sc
973 1486 1300 1541 occidentem,

42 1558 279 1602 invenitur
306 1560 536 1604 lividum:
579 1559 714 1618 quod
748 1571 905 1603 autem
942 1559 1107 1620 legitur
1142 1557 1199 1601 acl
1227 1574 1301 1601 ae-

46 1627 378 1688 quinofflialem
408 1631 635 1675 orientem
663 1629 702 1674 Sc
727 1630 1041 1684 occidentem⁷
1061 1629 1299 1674 invenitur

42 1702 254 1746 violaceo
280 1704 462 1747 colore:
498 1702 631 1761 quod
663 1718 772 1746 vero
809 1701 1072 1746 meridianis
1100 1700 1299 1763 regioni-

39 1774 127 1818 bus
167 1775 432 1834 excipitur,
470 1775 606 1820 rubra
646 1788 913 1834 procreatur
959 1775 1212 1835 potestate,
1254 1774 1298 1820 Sc

39 1845 148 1889 ideo
181 1847 268 1890 hoc
296 1846 492 1891 rubrum
528 1847 699 1892 Rhodo
733 1849 868 1892 etiam
904 1848 1048 1892 insula
1082 1859 1296 1903 creatur,

40 1916 292 1975 ceterisque
329 1917 553 1961 eiusmodi
585 1918 875 1979 regionibus,
900 1935 1020 1977 quae
1053 1919 1296 1977 proximae

39 1984 147 2030 sunt
176 1986 277 2031 solis
307 1989 471 2032 cursui.
510 1988 569 2031 Ea
600 1989 840 2050 conchylia
873 2006 980 2033 cum
1015 1991 1120 2033 sunt
1151 1986 1294 2044 legia,

38 2054 319 2102 ferramentis
357 2060 468 2104 circa
510 2061 813 2116 scinduntur,
862 2080 886 2105 e
930 2062 1101 2120 quibus
1152 2062 1296 2124 plagis

39 2143 270 2187 purpurea
304 2130 469 2185 sanim,
510 2132 577 2176 uti
619 2133 799 2176 lacrima
840 2134 1079 2193 profluens
1116 2133 1294 2179 excussa

38 2199 85 2242 in
123 2201 347 2244 mortariis
382 2203 575 2246 terendo
619 2218 942 2264 comparatum
992 2207 1030 2248 Sc
1064 2206 1197 2263 quod
1235 2220 1293 2248 ex

34 2273 322 2316 concharum
375 2275 649 2320 marinarum
701 2278 818 2321 tellis
867 2278 1124 2332 eximitur,
1183 2277 1292 2320 ideo

35 2344 207 2387 ostrum
242 2345 301 2388 est
334 2347 600 2390 vocitatum.
651 2349 702 2391 Id
741 2360 896 2392 autem
930 2360 1120 2408 propter
1158 2348 1291 2392 lalsu-

31 2415 186 2478 ginem
219 2419 311 2462 cito
346 2419 395 2464 fit
429 2420 741 2480 siticulosum,
771 2424 850 2466 nili
890 2424 982 2467 mel
1015 2422 1181 2466 habeat
1213 2420 1286 2467 cir·

33 2488 315 2535 cumfusum.
