1600 2902
285 155 368 202 DE
398 153 895 202 ARCHITECTURA
930 155 1039 201 LIB.
1074 155 1136 200 X.
1251 169 1345 217 329

83 263 220 309 luerit
237 296 250 318 ,
273 277 331 306 ex
350 262 569 307 varietate
598 278 763 307 eorum
793 262 1008 325 eligendo
1026 296 1041 320 ‚
1066 260 1106 307 Sc
1128 261 1177 306 in
1199 276 1346 307 unam

85 335 483 395 comparationem
513 335 827 390 conferendo,
868 350 966 378 non
998 333 1230 396 indigebit
1258 337 1345 378 au·-

81 409 198 458 xiliis
217 442 229 464 ,
258 409 336 453 sed
365 425 670 468 quascunque
697 426 793 465 res,
826 420 907 452 aut
944 406 1228 462 rationibus,
1264 417 1346 452 aut

80 483 216 539 locis,
260 483 290 527 fi
337 500 454 543 opus
503 482 670 537 fuerit,
716 483 810 526 fine
842 481 1139 526 dubitatione
1171 479 1347 539 poterit

82 555 325 613 explicare.
384 555 457 598 De
496 553 832 616 repugnatoriis
871 569 985 597 vero
1016 569 1114 598 non
1149 553 1209 597 est
1240 552 1348 598 scri-

79 626 169 686 ptis
205 626 571 686 explicandum:
605 641 703 670 non
738 626 864 670 enim
901 626 960 670 ad
1001 627 1150 671 nostra
1184 626 1348 686 scripta

82 700 230 745 hostes
259 710 531 760 comparant
552 715 618 743 res
653 698 1014 760 oppugnatorias
1032 733 1045 754 ‚
1071 698 1148 743 sed
1169 700 1349 744 machi-

82 772 295 817 nationes
327 789 491 816 eorum
521 787 578 816 ex
607 782 822 830 tempore
853 769 1005 816 solerti
1043 772 1346 817 consiliorum

84 845 316 889 celeritate
331 845 424 889 fine
443 844 666 889 machinis
685 843 860 903 saepius
880 854 1168 888 evertuntur.
1190 844 1347 911 Quod

83 917 221 961 etiam
245 915 587 961 Rhodienfibus
606 926 896 959 memoratur
914 915 997 961 usu
1018 914 1200 959 veniffe.
1237 915 1350 959 Dio·

80 1001 248 1053 gnetus
287 989 411 1035 enim
454 989 605 1036 fuerat
636 989 847 1034 Rhodius
886 985 1193 1044 architeffhs,
1233 987 1274 1033 8<
1302 987 1346 1032 ei

81 1063 140 1108 de
171 1061 366 1122 publico
400 1062 652 1122 quotannis
685 1072 806 1106 certa
831 1077 1004 1106 merces
1027 1078 1112 1122 pro
1141 1061 1245 1106 artis
1274 1059 1348 1105 di-

77 1136 253 1198 gnitate
291 1135 591 1180 tribuebatur
627 1134 688 1178 ad
731 1135 974 1179 honorem.
1025 1136 1093 1181 Eo
1128 1146 1346 1194 ternpore

80 1208 278 1268 quidam
308 1204 580 1252 architectus
609 1207 667 1252 ab
697 1206 854 1251 Arado
875 1241 887 1261 ‚
936 1206 1132 1251 nomine
1159 1206 1350 1261 Callias,

80 1280 310 1326 Rhodum
349 1296 457 1326 cum
505 1278 728 1335 venisset,
773 1279 972 1324 acroasin
1007 1279 1147 1334 fecit,
1187 1295 1346 1323 exem-

79 1354 278 1413 plarque
306 1353 503 1413 protulit
532 1352 684 1407 muri,
710 1352 750 1397 8c
779 1351 910 1411 supra
936 1351 986 1395 id
1008 1350 1270 1395 machinam
1291 1351 1343 1395 in

80 1427 304 1471 carchesio
337 1426 532 1471 versatili
565 1425 829 1480 constituit,
865 1441 959 1486 qua
989 1424 1247 1484 helepolim
1283 1423 1344 1467 ad

78 1499 267 1543 moenia
293 1500 596 1544 accedentem
631 1498 858 1558 corripuit
888 1498 929 1543 &
963 1498 1196 1541 transtulit
1224 1496 1342 1540 intra

79 1588 285 1617 murum.
335 1572 439 1616 Hoc
470 1573 709 1631 exemplar
747 1570 916 1615 Rhodii
955 1585 1065 1614 cum
1096 1566 1346 1623 vidissent,

78 1646 293 1691 admirati
335 1646 615 1691 ademerunt
656 1645 897 1707 Diogneto
943 1644 1076 1703 quod
1116 1643 1266 1688 fuerat
1301 1643 1344 1687 ei

80 1720 330 1777 quotannis
358 1718 688 1776 constitutum,
713 1719 752 1763 8c
774 1735 882 1763 eum
907 1719 1137 1762 honorem
1163 1717 1222 1761 ad
1242 1717 1344 1761 Cal-

78 1791 188 1836 liam
222 1794 572 1836 transtulerunt.
606 1790 783 1836 Interea
817 1807 896 1836 rex
923 1790 1221 1844 Demetrius,
1256 1789 1342 1849 qui

78 1874 272 1923 propter
304 1862 444 1907 animi
471 1863 771 1923 pertinaciam
802 1863 1080 1908 Poliorcetes
1100 1862 1162 1906 est
1182 1862 1342 1921 appel-

78 1938 219 1991 latus,
250 1949 410 1982 contra
428 1936 652 1981 Rhodum
674 1936 854 1980 bellum
881 1936 1223 1996 comparando,
1242 1933 1343 1993 Epi-

78 2010 301 2054 maelium
331 2010 666 2055 Atheniensem
698 2010 910 2054 nobilem
938 2005 1239 2054 architectum
1269 2006 1339 2052 se-

81 2098 190 2127 cum
224 2083 434 2128 adduxit.
493 2084 529 2127 Is
566 2095 724 2128 autern
758 2082 1044 2143 comparavit
1079 2081 1338 2141 helepolim

77 2155 342 2215 sumptibus
372 2156 682 2212 immanibus,
705 2157 920 2201 industria
944 2156 1198 2217 laboreque
1221 2154 1339 2200 sum·

13 2271 18 2283 ,
76 2246 181 2285 ηπ),
211 2229 340 2273 cuius
363 2230 565 2274 altitudo
596 2229 743 2274 fuemt
772 2230 951 2290 pedum
982 2242 1147 2284 CXXV,
1176 2228 1337 2274 latitu-

75 2301 138 2346 do
168 2301 344 2359 pedum
368 2314 447 2345 Lx.
513 2302 579 2345 Ita
618 2319 718 2345 eam
760 2301 912 2346 ciliciis
945 2303 986 2346 Sc
1016 2300 1146 2344 coriis
1178 2299 1334 2345 crudis

71 2374 393 2430 confirmavit,
431 2386 482 2419 ut
515 2374 662 2434 posset
690 2375 785 2434 pati
816 2376 997 2435 plagam
1030 2373 1192 2432 lapidis
1219 2371 1335 2416 bali-

70 2448 133 2495 sta
160 2447 339 2493 immisi}
377 2447 543 2508 pondo
577 2461 746 2493 CCCLX.
789 2448 886 2508 Ipsa
921 2459 1082 2492 autem
1119 2445 1333 2492 machina
