1600 2902
292 188 372 233 DE
404 187 891 234 ARCHITECTURA
929 188 1037 233 ΜΒ.
1074 186 1133 233 v.
1246 200 1329 250 155

83 296 210 341 xime
242 296 558 340 conisterium:
586 313 609 340 a
635 296 876 341 conisterio
909 296 956 340 in
987 295 1167 341 versura
1189 292 1336 354 porti-

84 383 162 412 cus
203 367 363 428 frigida
399 369 594 423 lavatio,
641 386 782 427 quam
824 370 982 413 Graeci
1016 372 1174 424 λοῦτρον
1207 365 1338 410 voci--

83 450 210 483 tant:
245 440 302 483 ad
324 439 542 484 sinistram
567 441 765 500 ephebei
790 441 1138 486 elaeothesium:
1174 436 1338 498 proxi-

86 528 163 556 me
191 523 347 555 autem
373 513 699 556 elaeothesium
718 547 729 566 ‚
753 512 1041 573 frigidarium
1061 545 1073 566 ‚
1102 511 1159 555 ab
1182 524 1338 568 eoque

82 581 168 626 iter
196 584 243 626 in
272 585 586 646 propnigeum
624 585 672 630 in
705 585 883 629 versura
915 584 1139 644 porticus:
1175 580 1339 642 proxi-

82 673 161 701 me
200 670 356 702 autem
394 658 611 702 introrlus
650 673 674 700 e
706 657 894 718 regione
931 655 1146 718 frigidarii
1190 655 1339 698 collo-

85 740 214 773 cetur
243 742 559 774 concamerata
579 727 757 773 sudatio
773 763 784 783 ‚
810 728 1107 790 longitudine
1128 727 1338 785 duplex,

85 816 230 858 quarn
274 801 547 855 latitudine,
598 816 718 858 quae
759 800 924 844 habeat
962 800 1006 842 in
1048 798 1239 842 versuris
1279 811 1338 841 ex·

88 888 179 916 una
214 885 342 932 parte
371 874 631 916 laconicum
666 873 724 916 ad
760 872 963 916 eundem
1007 870 1236 924 modum,
1268 869 1340 913 uti

84 943 215 1002 supra
235 945 452 1002 lcriptum
474 944 552 998 est,
573 944 884 1003 compositum
908 963 916 987 z
940 959 998 987 ex
1012 941 1202 986 adverso
1218 941 1339 984 laco-

83 1014 201 1070 nici,
233 1016 410 1060 caldam
441 1016 737 1060 lav-ationem.
769 1016 818 1059 In
850 1016 1063 1075 palaestra
1083 1011 1339 1072 peristylia,

83 1086 487 1144 quemadmodum
524 1093 657 1148 lupra
694 1090 915 1150 scriptun]
948 1090 1032 1143 cst,
1070 1089 1130 1131 ita
1159 1085 1338 1130 debent:

85 1157 170 1202 effe
200 1157 400 1218 perfeo’te
435 1160 685 1204 distributa.
735 1161 874 1204 Extra
903 1170 1059 1204 autem
1085 1158 1338 1217 disponan-

83 1242 162 1275 tur
180 1233 382 1291 porticus
415 1244 530 1288 tres,
568 1249 659 1277 una
690 1248 746 1276 ex
766 1232 997 1292 peristylio
1028 1231 1337 1285 exeuntibus,

82 1305 205 1351 ‘duae
235 1306 395 1351 dextra
426 1318 567 1365 atque
611 1307 778 1350 slnisira
812 1306 1046 1349 stadiatae:
1085 1321 1143 1348 ex
1165 1303 1339 1363 quibus

84 1394 202 1434 una,
229 1396 349 1438 quae
377 1377 645 1439 spectaverit
673 1380 729 1424 ad
757 1377 1134 1438 septemtrionem
1152 1410 1164 1432 ‚
1196 1375 1337 1436 perfi-

83 1451 229 1495 ciatur
255 1451 433 1510 duplex
449 1451 718 1510 ampliflirna
740 1451 1011 1505 latitudine3
1045 1451 1213 1494 alterae
1237 1448 1340 1492 slm-

82 1522 221 1581 plices
251 1523 312 1566 ita
346 1519 516 1576 fidiae,
553 1524 620 1567 uti
653 1525 703 1567 in
740 1523 978 1582 partibus,
1013 1537 1134 1580 quae
1165 1520 1338 1564 fuerint

82 1594 196 1638 circa
221 1595 440 1654 parietes,
470 1593 509 1638 SC
533 1610 653 1653 quae
672 1605 809 1639 erunt
834 1594 891 1637 ad
918 1595 1180 1646 columnas,
1217 1606 1338 1635 mar-

83 1667 208 1728 gines
244 1667 444 1711 habeant
476 1667 544 1712 uti
588 1666 795 1721 semitas,
837 1680 934 1709 non
969 1665 1125 1708 minus
1154 1663 1335 1723 pedum

83 1740 293 1796 denum,
337 1741 648 1799 mediumque
697 1752 999 1794 excavatum,
1060 1737 1128 1781 uti
1171 1737 1337 1799 gradus

84 1812 182 1857 bini
215 1813 301 1857 sint
331 1813 377 1857 in
408 1813 622 1858 descensu
664 1813 967 1872 sesquipedali
999 1830 1022 1855 a
1053 1809 1335 1872 marginibus

82 1885 139 1927 acl
170 1885 442 1943 planitiem:
482 1902 601 1944 quae
633 1885 845 1943 planities
879 1885 931 1928 sit
972 1900 1030 1928 ue
1058 1884 1210 1928 minus
1247 1883 1335 1926 lata

82 1955 258 2013 pedum
299 1956 567 2002 duodecim.
610 1957 674 2002 Ita
701 1958 785 2016 qui
812 1958 959 2001 vestiti
992 1955 1335 2001 ambulaverint

83 2027 256 2070 circum
278 2028 324 2070 in
351 2030 636 2091 marginibus
656 2064 668 2084 ,
689 2046 788 2074 non
817 2030 1138 2089 impedientur
1161 2029 1220 2072 ab
1244 2044 1336 2071 un-

83 2094 162 2141 &is
186 2098 227 2141 le
256 2102 587 2145 exercentibus.
623 2102 746 2146 Haec
775 2114 931 2146 autem
958 2103 1163 2161 porticus
1195 2103 1334 2160 ξυστὰς

82 2171 210 2231 apud
240 2172 433 2217 Graecos
456 2176 687 2220 vocitatur
705 2210 718 2231 ‚
769 2177 901 2235 quod
928 2178 1125 2221 athletae
1153 2193 1235 2236 per
1266 2175 1334 2218 hi-

83 2246 224 2288 berna
260 2257 470 2305 tempora
503 2249 550 2291 in
583 2245 710 2293 ‘seclis
748 2250 894 2293 stadiis
924 2262 1211 2293 exercentur.
1247 2249 1331 2292 Fa-

82 2318 250 2362 cinnda
286 2332 441 2363 autem
475 2322 600 2381 xysta
639 2322 696 2364 lie
723 2323 968 2376 videntur,
1010 2335 1059 2366 ut
1096 2324 1180 2365 lint
1212 2322 1331 2367 inter

83 2391 191 2435 duas
226 2392 429 2449 porticus
471 2394 602 2437 {ilvae
644 2406 723 2438 aut
758 2397 1053 2454 platanones,
1091 2394 1129 2437 &⁴
1174 2395 1216 2437 in
1262 2396 1329 2439 his

82 2463 376 2524 perficiantur
409 2464 528 2510 iuter
562 2465 745 2510 arbores
766 2465 1134 2521 ambulationes,
1166 2465 1328 2526 ibique
