1600 2902
226 187 313 220 202
469 168 533 214 M.
568 167 859 214 VITRUVII
892 169 1230 217 POLLIONIS

220 278 483 339 pediantur.
524 276 726 321 Cameris
761 275 985 336 dispositis
1015 276 1055 321 ὃς
1084 278 1297 335 intextis,
1322 279 1473 324 imum

221 351 409 395 coelum
438 365 597 393 earum
631 346 920 396 trulliffetur;
964 346 1132 392 deinde
1155 365 1288 394 arena
1313 349 1479 411 diriga-

219 434 323 477 tu13
361 424 513 483 postea
548 433 628 467 aut
667 432 820 477 creta,
861 432 942 466 aut
982 437 1212 467 marmore
1256 424 1473 483 poliatur.

222 496 345 541 Cum
381 511 586 539 camerae
609 495 783 554 politae
816 493 1019 548 fuerint,
1054 493 1137 539 sub
1178 512 1246 539 eas
1278 511 1478 541 coronae

221 566 327 612 sunt
345 566 682 620 subiiciendae,
719 581 893 624 eaeque
916 581 1059 624 quarn
1088 567 1291 613 maxime
1315 578 1480 612 tenues

221 638 264 686 Sc
304 637 490 682 subtiles
534 647 749 698 oportere
788 638 882 682 fieri
924 637 1172 692 videntum
1217 654 1325 683 cum
1351 639 1479 683 enim

223 711 419 772 grandes
438 709 544 756 sunt
560 743 572 764 ,
603 709 813 769 pondere
832 709 1132 754 deducuntur
1149 744 1162 765 ,
1190 726 1276 755 nec
1295 709 1483 769 possunt

222 782 268 827 se
288 782 525 827 sustinere:
559 783 607 826 in
628 782 791 841 hisque
810 783 1005 827 minime
1029 781 1226 845 gypsum
1248 783 1391 826 debet
1409 782 1484 826 ad-

226 854 434 909 misceri,
467 854 547 897 sed
581 865 768 898 excreto
803 870 1034 900 marmore
1069 870 1164 899 uno
1196 865 1358 902 tenore
1388 870 1484 914 per-

229 925 364 979 duci,
401 926 470 971 uti
494 941 554 970 ne
587 926 919 985 praecipiendo
946 943 1044 971 non
1079 928 1280 986 patiatur
1298 942 1395 970 uno
1416 937 1487 970 te-

224 1013 340 1042 nore
373 1013 492 1056 opus
522 995 783 1040 inarescere.
833 996 1079 1056 Etiamque
1113 997 1347 1043 cavendae
1376 997 1485 1040 sunt

227 1071 276 1114 in
309 1071 496 1115 cameris
520 1070 776 1129 priscorum
807 1069 1121 1129 dispositiones
1137 1104 1153 1125 ,
1173 1069 1306 1130 quod
1325 1085 1485 1114 earum

226 1142 445 1202 planitiae
480 1157 759 1187 coronarum
797 1142 922 1204 gravi
960 1141 1172 1203 pondere
1202 1140 1486 1200 impenden-

229 1225 318 1268 tes,
362 1213 470 1258 sunt
511 1213 806 1273 periculosae.
843 1214 1133 1258 Coronarum
1178 1223 1336 1257 autem
1373 1212 1487 1256 aliae

226 1287 335 1332 sunt
352 1304 495 1347 purae
514 1321 526 1342 ,
547 1288 659 1332 aliae
691 1289 899 1333 caelatae.
929 1287 1246 1332 conclavibus
1262 1321 1275 1343 ,
1302 1298 1381 1332 aut
1403 1287 1488 1332 ubi

228 1359 342 1421 ignis
368 1371 446 1404 aut
466 1361 598 1419 plura
627 1360 805 1404 lumina
828 1360 934 1405 sunt
961 1359 1203 1420 ponenda,
1227 1375 1371 1419 purae
1389 1357 1486 1402 fieri

230 1432 437 1487 debent,
476 1446 529 1479 ut
564 1448 641 1477 eae
676 1432 848 1476 facilius
887 1444 1239 1494 extergeantur:
1282 1431 1331 1475 in
1358 1429 1488 1473 aesti-

229 1505 296 1549 vis
326 1505 366 1548 Sc
398 1506 602 1559 exedris,
633 1506 716 1550 ubi
747 1506 942 1549 minime
985 1505 1142 1549 fumus
1182 1505 1265 1558 est,
1303 1519 1388 1548 nec
1412 1502 1488 1546 fu-

231 1576 327 1638 ligo
354 1577 503 1636 potest
529 1593 724 1631 nocere,
761 1577 825 1621 ibi
859 1579 1052 1622 caelatae
1088 1577 1194 1621 sunt
1226 1577 1491 1631 faciendae;

231 1649 411 1708 semper
463 1651 588 1694 enim
624 1651 783 1694 album
828 1667 944 1710 opus
987 1661 1181 1710 propter
1222 1651 1489 1710 superbiam

233 1722 441 1766 candoris
481 1738 580 1765 non
610 1721 758 1766 modo
801 1738 858 1766 ex
891 1722 1114 1781 propriis,
1150 1721 1228 1765 sed
1260 1722 1398 1766 etiam
1430 1739 1489 1767 ex

232 1793 388 1838 alienis
421 1793 635 1838 aedificiis
658 1794 864 1853 concipit
891 1793 1092 1839 fumum.
1128 1792 1323 1837 Coronis
1342 1794 1492 1852 expli-

234 1865 342 1910 catis
366 1866 558 1924 parietes
579 1881 723 1923 quarn
747 1864 989 1923 asperrime
1014 1863 1335 1918 trulliffeiitur3
1368 1865 1490 1923 post-

237 1953 287 1982 ea
307 1948 463 1982 autem
495 1936 627 1996 supra
655 1936 972 1981 trullissatione
1001 1935 1313 1981 subarescente
1339 1936 1493 1981 defor-

236 2020 428 2053 mentur
464 2004 736 2052 direfliones
769 2008 968 2062 arenati,
1002 2008 1069 2052 uti
1091 2007 1412 2068 longitudines
1429 2009 1493 2059 acl

235 2081 443 2142 regulam
476 2079 516 2124 &3
550 2080 749 2134 lineam,
785 2079 1052 2125 altitudines
1083 2079 1140 2122 ad
1175 2074 1492 2138 perpendicuss

236 2153 365 2207 lum,
403 2150 559 2212 anguli
596 2151 654 2194 ad
690 2167 905 2195 normam
936 2150 1270 2211 respondentes
1304 2151 1492 2213 exigan-

237 2235 339 2278 tur3
390 2240 594 2283 namque
631 2223 687 2268 fic
730 2224 974 2267 emendata
1007 2220 1309 2268 te&ori01un1
1345 2224 1392 2268 in
1419 2223 1491 2281 pi-

241 2295 376 2343 {luris
397 2297 480 2341 erit
511 2297 688 2356 species.
722 2296 1054 2341 Subarescente
1087 2298 1287 2352 iterum,
1319 2314 1369 2341 ac
1400 2308 1487 2340 ter-

240 2370 307 2413 tio
336 2369 596 2414 inducatur.
632 2369 698 2413 Ita
720 2385 816 2427 quo
845 2369 1084 2415 fundatior
1105 2372 1189 2415 erit
1218 2387 1276 2415 ex
1302 2381 1488 2414 arenato

243 2439 495 2498 dimdium,
538 2458 593 2486 eo
626 2442 800 2487 firmior
831 2442 915 2487 erit
943 2444 1002 2489 ad
1035 2444 1308 2490 vetustatem
1336 2441 1492 2486 solidi-=
