1600 2902
255 243 318 276 XL
452 225 823 278 NOTITIA
867 226 1321 274 LITERARIA

417 346 523 376 tetto
545 347 566 374 e
579 333 781 373 Cittadino
796 333 993 373 Romano.
1007 334 1183 374 Venezia
1202 348 1269 384 171
1282 347 1314 375 1.
1333 334 1525 389 Appreffo

416 389 624 429 Girolamo
643 388 824 426 Albrizzi.
845 387 880 426 8.

260 457 361 496 ¹747
416 443 737 482 L'Architettura
771 440 969 481 Generale
1004 440 1041 480 di
1078 441 1268 482 Vitruvio
1302 443 1449 483 ridotta
1486 444 1527 484 in

417 496 657 550 compendio
673 495 732 535 dal
745 496 821 548 sig.
835 495 1008 534 Perrault
1021 495 1086 534 &a
1105 497 1153 535 ed
1171 497 1378 536 arricchita
1396 498 1435 536 di
1448 496 1531 536 Ta-

416 550 513 590 vole
539 551 579 589 in
606 550 743 589 Rame.
780 550 917 600 Opera
947 549 1121 589 tradotta
1148 550 1209 589 dal
1234 551 1428 592 Francese
1446 582 1458 601 ‚
1482 552 1529 591 ed

416 606 645 644 incontrata
664 604 702 642 in
726 604 861 656 questa
884 603 1069 643 Edizione
1095 604 1159 643 col
1180 604 1305 645 Testo
1330 605 1416 647 dell'
1443 606 1532 644 Au‘

416 670 506 698 tore
518 689 530 706 ‚
548 671 569 697 e
586 658 649 698 col
663 658 902 697 Commento
917 657 955 695 di
970 656 1097 696 Mons.
1115 658 1308 699 Barbaro:
1326 659 1400 698 alla
1414 660 1530 711 quale

418 713 458 750 in
482 713 585 752 oltre
611 712 638 751 fi
666 712 687 752 ὲ
713 713 899 765 aggiunta
928 711 964 750 la
990 712 1149 751 Tavola
1174 724 1195 750 e
1224 713 1259 751 le
1287 713 1440 766 Regole
1471 714 1531 752 del

416 766 656 806 Piedestallo.
710 766 754 804 In
794 766 967 805 Venezia
988 797 999 813 ,
1032 765 1365 806 MDCCXLVH.
1416 766 1532 806 Nella

417 820 630 873 Stamperia
649 820 687 859 di
705 819 965 860 Giambatista
982 820 1153 859 Albrizzi
1176 834 1213 872 q.
1237 820 1322 860 Gir.
1347 820 1384 859 8.

263 874 362 929 1758
418 875 740 914 L'Architettura
762 876 801 913 di
826 873 884 913 M.
907 873 1099 913 Vitruvio
1124 873 1303 914 Pollione
1328 874 1431 914 colla
1455 884 1534 913 tra·

420 929 593 968 duzione
612 927 775 967 Italiana
797 941 818 967 e
838 927 1041 967 Comento
1067 927 1128 967 del
1155 927 1363 968 Marchese
1382 928 1534 966 Berardo

418 982 566 1020 Galiani
601 982 868 1021 Accademico
902 980 1165 1020 Ercolanense
1192 984 1259 1020 δέ.
1308 983 1356 1021 In
1389 982 1448 1020 Na
1481 982 1534 1021 oli

418 1035 731 1130 ἲέἓιῗῗῖἑὲΙΠΙ.
759 1036 873 1076 Nella
894 1034 1112 1089 Stamperia
1133 1034 1374 1076 Simoniana.
1400 1034 1444 1076 fo
1463 1066 1471 1074 .
1496 1047 1531 1076 c.

357 1339 467 1394 DE
509 1338 931 1395 AUCTORE
983 1338 1440 1395 EPITOMAE

264 1456 335 1502 EX
352 1456 417 1500 Io.
439 1456 602 1501 Poleni
627 1455 1044 1500 Exercitationibus
1063 1456 1351 1502 Vitruvianis
1373 1455 1537 1501 secun·-

640 1528 708 1571 dis
736 1544 838 1590 pag,
864 1541 944 1580 171
981 1554 1026 1560 —
1058 1542 1160 1585 175.

271 1795 386 1882 ΙΑΜ
416 1854 518 1881 vero
539 1841 588 1880 de
608 1839 816 1893 Epitomae
833 1839 1016 1887 ευξὶοτε,
1039 1839 1152 1879 cuius
1171 1852 1315 1880 nomen
1336 1839 1539 1894 ignoratur

267 1899 386 1937 etiam
415 1896 464 1934 ab
488 1896 558 1943 iis,
592 1897 659 1946 qui
686 1892 900 1932 vascosani
932 1893 1098 1932 editioni
1131 1893 1361 1947 praefuere,
1395 1894 1461 1946 (in
1492 1906 1539 1932 ea

268 1953 373 1990 enim
397 1950 540 1989 dicitur
555 1959 779 1987 VETUSTUS
797 1958 978 1996 AUTOR,
1003 1947 1188 1997 ἀνώνυμος
1209 1949 1390 1995 TAMEN)
1416 1961 1539 2000 quae-

269 2017 357 2044 rere
386 2004 531 2056 aliquid
563 2014 610 2041 ac
640 2000 854 2055 dispicere,
890 2014 972 2040 non
997 2001 1158 2055 prorsus
1188 2001 1328 2042 inutile
1357 2001 1537 2042 futurum

270 2057 345 2098 effe
366 2058 614 2097 arbitramur.

325 2112 522 2165 Principio
541 2120 673 2149 autem
694 2106 1005 2161 investigandum
1029 2107 1108 2156 est,
1129 2121 1222 2148 num
1246 2107 1429 2161 suspicari
1447 2110 1540 2162 pos-

269 2166 386 2206 fimus
402 2196 413 2213 ‚
441 2179 463 2203 a
488 2164 604 2203 Petro
628 2163 817 2203 Diacono
842 2160 952 2202 fuifl‘e
979 2162 1259 2202 concinnatum
1292 2162 1539 2216 propositum

272 2221 349 2259 hoc
361 2218 675 2273 Compendium:
701 2228 804 2269 quae
823 2215 989 2269 suspicio
1006 2215 1175 2255 incidisse
1195 2215 1280 2255 visa
1298 2216 1353 2256 est
1371 2216 1428 2256 Io.
1448 2216 1537 2254 Alb.

271 2273 454 2313 Fabricio
475 2275 515 2312 in
532 2271 629 2312 Bibl.
649 2271 734 2309 Lat.
757 2269 876 2309 Tom.
896 2270 922 2309 I.
951 2283 987 2322 p.
1008 2282 1097 2321 493.
1123 2270 1233 2309 cuius
1253 2271 1317 2309 hic
1342 2270 1539 2309 describe-

272 2341 361 2367 mus
387 2328 531 2367 verba:
560 2326 744 2379 Epitome,
771 2325 848 2372 ait,
878 2324 1030 2362 Vitruvii
1047 2326 1124 2363 alia
1149 2326 1252 2363 latine
1276 2324 1419 2375 Parzfiis
1447 2325 1539 2363 edita

273 2383 469 2432 iampridem
491 2383 533 2435 est
554 2390 689 2420 curante
719 2378 817 2417 Guil.
838 2378 981 2430 postello
991 2408 1005 2425 ‚
1028 2378 1143 2417 incerti
1163 2377 1382 2429 fidfortaffe
1400 2378 1542 2429 antiqui

274 2436 481 2486 Scriptoris,
502 2447 539 2474 ut
556 2435 606 2474 ait
632 2433 763 2484 Voffius
780 2447 862 2486 pag.
890 2433 979 2481 463.
1003 2433 1083 2471 libri
1103 2435 1141 2471 de
1167 2432 1327 2471 scientiis
1349 2433 1540 2469 mathema-

275 2488 364 2527 ticis.
397 2490 586 2528 Videndum
601 2490 689 2536 fitne
719 2487 877 2539 Epitome
915 2487 1068 2525 Vitruvii
1089 2502 1112 2525 a
1143 2486 1286 2539 Postello
1312 2485 1400 2523 edita
1426 2487 1540 2524 eadem

277 2558 350 2582 cum
370 2543 431 2581 illa
459 2545 551 2583 Petri
570 2542 724 2582 Diaconi
736 2570 750 2588 ,
776 2542 814 2579 de
838 2540 959 2593 quain
987 2542 1242 2581 continuatione
1264 2539 1418 2579 Chronici
1441 2541 1539 2590 Casi-
