1600 2902
294 156 376 204 DE
409 153 900 202 ARCHITECTURA
935 152 1041 200 LIB.
1075 153 1158 199 IX.
1269 148 1358 201 281

99 267 192 312 iam
224 264 499 324 plumbeam
536 279 618 324 per
652 263 823 307 lineam
853 260 1201 306 demittendam
1232 274 1366 304 cura-

98 342 180 386 vit.
241 339 305 382 [ta
345 337 535 398 pondus
573 353 685 381 cum
721 335 1016 381 decurrendo
1053 334 1103 380 in
1139 334 1366 398 angustias

94 412 380 456 tubulorum
417 421 652 470 premeret
691 410 810 454 coeli
845 409 1140 454 crebritatem
1163 441 1176 463 ,
1219 409 1367 453 vehe-

96 484 246 529 menti
298 483 493 528 decursu
548 499 631 543 per
677 482 829 527 fauces
877 482 1194 542 frequentiam
1245 480 1367 526 coeli

96 557 436 616 compreffione
465 557 706 601 solidatam
740 557 994 603 extrudens
1021 557 1069 600 in
1100 565 1271 610 aerem,
1292 573 1365 616 pa·

98 640 279 673 tentem
323 629 578 674 offenslone
623 629 664 675 86
705 625 832 673 tactu
875 629 1051 674 sonitus
1091 627 1367 689 expresserat

97 701 367 746 claritatem.
406 702 524 764 Ergo
557 700 782 745 Ctesibius
810 717 920 745 cum
953 699 1367 758 animadvertisset,

103 788 161 816 ex
198 770 323 817 taclu
368 774 485 818 coeli
525 772 566 818 8c
593 772 960 832 expressiouibus
991 772 1174 832 spiritus
1207 788 1370 817 voces-

101 862 198 905 que
228 846 373 901 nasci,
411 847 477 890 his
508 845 743 906 principiis
779 846 910 901 usus,
949 846 1238 907 hydraulicas
1268 862 1369 890 ma-

100 919 258 962 chinas
292 918 469 978 primus
502 918 713 963 instituit.
770 918 887 962 Item
921 934 1150 977 aquarum
1182 917 1369 977 expres-

100 990 280 1045 fimes,
343 1002 615 1045 automata,
668 988 869 1050 pontecli
914 988 1368 1049 rotundationisque

100 1064 361 1119 machinas,
398 1066 646 1124 multaque
681 1064 954 1110 deliciarum
987 1079 1180 1126 genera,
1220 1061 1270 1106 in
1298 1060 1368 1105 his

100 1136 242 1180 etiam
271 1137 627 1198 horologiorum
656 1153 714 1181 ex
739 1154 862 1196 aqua
879 1136 1266 1197 comparationeS,
1285 1151 1370 1180 ex-

101 1209 283 1268 plicuit.
333 1209 646 1268 Primumque
680 1209 921 1254 constituit
950 1223 1120 1254 cavum
1159 1223 1218 1252 ex
1249 1222 1365 1251 auro

101 1279 395 1341 perfec<lum‚
438 1291 520 1325 aut
547 1297 605 1324 ex
639 1296 823 1341 gemma
854 1279 1107 1324 terebrata:
1155 1295 1206 1323 ea
1241 1278 1370 1323 enim

103 1369 191 1398 nec
230 1363 446 1399 teruntur
483 1354 694 1413 percussu
735 1370 907 1413 aquae,
955 1369 1043 1398 nec
1070 1352 1229 1398 sordes
1253 1351 1371 1397 reci-

103 1425 269 1484 piunt,
302 1437 356 1470 ut
384 1427 685 1470 obturentur.
749 1427 968 1486 Namque
1000 1426 1255 1485 aequaliter
1287 1439 1371 1484 pet

104 1495 153 1539 id
193 1512 363 1541 cavum
401 1495 604 1540 influens
638 1513 762 1555 aqua
797 1497 1009 1541 sublevat
1040 1496 1265 1556 scaphum
1298 1495 1372 1539 in·-

104 1573 288 1618 versum
323 1572 494 1633 (quod
535 1573 594 1617 ab
631 1572 882 1617 artificibus
913 1574 1095 1633 phellos
1126 1571 1217 1616 five
1249 1582 1374 1633 tym-

105 1662 285 1705 panum
317 1645 546 1706 dicitur):
585 1646 634 1690 in
671 1662 769 1706 quo
797 1647 1022 1691 collocata
1051 1647 1236 1709 regula,
1270 1660 1374 1691 vet-

104 1719 246 1763 satilia
277 1729 502 1780 tympana
546 1718 794 1764 denticulis
827 1719 1099 1779 aequalibus
1132 1720 1241 1764 sunt
1267 1735 1374 1779 per-

106 1789 251 1836 fecta:
301 1792 385 1850 qui
432 1791 659 1837 denticuli
702 1792 816 1836 alius
855 1794 998 1836 alium
1047 1792 1372 1851 impellentes,

106 1866 382 1910 versationes
414 1865 622 1910 modicas
668 1864 844 1912 faciunt
873 1865 913 1911 86
951 1866 1199 1910 motiones.
1251 1864 1374 1908 Item

106 1938 219 1981 aliae
242 1939 427 1999 regulae
460 1939 643 1997 aliaque
673 1950 897 1999 tympana
934 1937 995 1982 ad
1026 1937 1235 1982 eundem
1267 1953 1375 1980 mo-

110 2008 227 2054 dum
265 2011 476 2066 dentata,
516 2027 637 2070 quae
671 2026 764 2055 uua
804 2009 1014 2055 motione
1049 2009 1229 2064 macla,
1268 2025 1373 2053 ver«

108 2085 254 2128 fando
278 2085 454 2130 faciunt
485 2084 674 2130 effeetus
706 2086 1039 2144 varietatesque
1074 2084 1373 2142 motionum,

108 2155 158 2199 in
189 2156 361 2215 quibus
398 2170 651 2202 moventur
688 2158 858 2220 sigilla,
904 2168 1154 2201 vertuntur
1191 2157 1374 2209 metae,

109 2230 274 2275 calculi
309 2243 387 2274 aut
415 2248 501 2275 ova
530 2231 872 2290 proiiciuntur,
909 2231 1133 2275 buccinae
1167 2240 1373 2285 canunt,

110 2307 390 2364 reliquaque
417 2323 617 2368 parerga.
657 2307 707 2350 [n
742 2306 809 2350 his
839 2306 1004 2358 etiam,
1042 2316 1120 2348 aut
1154 2304 1202 2348 in
1240 2306 1374 2349 colu·

110 2396 247 2435 mna,
280 2393 358 2424 aut
390 2381 648 2439 parastatica
687 2382 824 2425 horae
863 2379 1219 2432 delcribuutur,
1259 2393 1373 2437 quas

109 2453 310 2517 sigillum
342 2454 580 2518 egrediens
618 2455 678 2500 ab
720 2455 818 2500 imo
851 2453 1027 2516 virgula
1071 2452 1292 2516 significat
1323 2451 1372 2496 in
