1600 2902
292 198 382 244 234
543 182 608 228 M.
642 183 931 229 VITRUVII
966 185 1304 233 POLLIONIS

288 291 482 336 Habent
534 291 661 334 enim
717 290 828 335 vitia
885 293 1109 338 contraria
1152 311 1300 354 aquae
1353 292 1556 350 calidae,

287 377 431 419 quam
461 361 685 420 sulphur,
717 363 933 417 alumen,
974 363 1188 409 bitumen
1230 366 1431 410 emittit:
1469 365 1555 425 qui

285 449 371 494 per
390 433 606 493 potiones
627 468 639 490 ,
672 450 781 478 cum
814 433 863 478 in
888 449 1055 494 corpus
1087 435 1279 493 ineunt,
1308 436 1348 482 8c
1366 454 1450 496 per
1470 453 1553 482 ve-

288 522 366 551 nas
396 507 720 567 permanando
751 524 916 552 nervos
952 508 1190 571 attingunt
1225 509 1264 554 &3
1293 524 1442 567 anm,
1476 526 1554 555 eos

287 581 460 625 durant
492 579 721 625 inflando.
760 581 905 644 Igitur
938 581 1069 625 nervi
1098 580 1338 627 inflatione
1360 594 1553 646 turgen-

286 664 378 708 tes,
409 669 465 697 ex
484 653 784 716 longitudine
804 655 1177 709 contrahuntur,
1203 653 1244 699 Sc
1262 655 1323 699 ita
1341 666 1421 699 aut
1444 671 1554 699 neu-

286 725 404 774 ricos
420 738 499 770 aut
519 726 792 787 podagricos
815 728 1020 772 efficiunt
1036 727 1271 783 homines,
1289 729 1395 773 ideo
1417 728 1552 788 quod

287 814 346 843 ex
371 798 612 844 duriffimis
639 800 679 845 Sc
704 800 978 860 spissioribus
1001 799 1389 862 frigidiffimisque
1413 801 1551 846 rebus

284 868 496 916 intinCtas
516 873 693 918 habent.
712 890 935 919 venarum
959 873 1175 918 raritates.
1203 874 1368 933 Aquae
1393 885 1552 919 autem

285 944 454 1004 species
487 944 579 1000 est,
618 961 738 1004 quae
783 962 892 991 cum
926 945 1091 990 habeat
1122 961 1221 990 non
1260 945 1360 990 satis
1394 947 1552 1006 perlu-

285 1017 408 1062 cidas
440 1034 605 1074 venas,
643 1018 804 1079 spuma
828 1055 841 1077 ‚
874 1021 944 1065 uti
972 1020 1080 1076 flos,
1109 1030 1240 1065 natat
1266 1020 1316 1065 in
1334 1020 1551 1076 summo,

284 1091 440 1134 colore
468 1091 621 1136 similis
654 1093 762 1137 vitri
788 1092 1026 1152 purpurei.
1065 1092 1191 1137 Haec
1215 1091 1421 1137 maxime
1441 1108 1553 1136 con-

286 1164 543 1210 fiderantur
574 1165 790 1212 Athenis:
832 1167 897 1211 ibi
922 1167 1050 1211 enim
1083 1182 1141 1211 ex
1172 1165 1445 1211 huiusmodi
1479 1166 1553 1210 lo-

284 1239 346 1283 cis
376 1238 416 1285 Sc
454 1238 689 1296 fontibiffi,
733 1240 775 1285 Sc
809 1241 858 1285 in
892 1238 1036 1301 Asty,
1079 1239 1120 1286 8c
1153 1239 1211 1285 ad
1243 1250 1437 1300 portum
1477 1239 1554 1282 Pi-

285 1327 504 1367 raeeum,
549 1310 677 1358 ducii
711 1312 817 1358 sunt
862 1313 1101 1368 salientes,
1156 1328 1180 1357 e
1218 1311 1392 1372 quibus
1428 1310 1554 1356 bibit

286 1404 431 1433 nemo
457 1400 652 1448 propter
676 1406 775 1434 eam
811 1388 1019 1445 causam,
1053 1386 1132 1432 sed
1159 1386 1471 1431 lavationibus
1508 1385 1550 1430 &t

286 1460 475 1519 reliquis
506 1460 646 1506 rebus
691 1472 906 1506 utuntur.
974 1460 1153 1505 Bibunt
1184 1470 1342 1504 autem
1372 1474 1432 1502 ex
1459 1472 1553 1517 pu·-

289 1533 394 1586 teis,
426 1531 464 1575 Sc
483 1534 544 1576 ita
572 1534 719 1577 vitant
748 1549 910 1578 eorum
940 1532 1062 1576 vitia.
1096 1529 1326 1574 Troezeni
1346 1545 1444 1574 non
1463 1545 1550 1589 po-

289 1604 374 1648 test
393 1603 444 1647 id
473 1604 634 1659 vitari,
673 1605 808 1663 quod
846 1603 1049 1647 omnino
1068 1602 1198 1646 alind
1229 1618 1372 1664 genus
1401 1618 1550 1661 aquae

290 1691 390 1720 non
414 1677 660 1736 reperitur,
695 1677 776 1720 nifi
805 1676 936 1736 quod
958 1675 1130 1720 cibdeli
1153 1675 1342 1719 habent.
1381 1676 1551 1733 Itaque

292 1748 342 1791 in
372 1765 421 1792 ea
453 1749 637 1793 civitate
672 1759 751 1794 aut
781 1764 944 1794 omnes
970 1760 1051 1792 aut
1078 1748 1279 1792 maxima
1295 1758 1424 1807 parte
1443 1747 1552 1791 sunt

293 1821 495 1880 pedibus
523 1821 683 1865 vitiosi.
724 1821 908 1865 Ciliciae
937 1838 1050 1866 vero
1079 1821 1264 1866 civitate
1289 1819 1428 1864 Tarso
1463 1818 1551 1863 flu-

289 1912 400 1940 men
443 1896 503 1939 est
543 1895 737 1940 nomine
779 1894 1005 1955 Cydnos,
1062 1895 1110 1938 in
1159 1910 1257 1952 quo
1310 1891 1550 1953 podagrici

290 1984 422 2013 crum
454 1981 734 2013 macerantes
775 1970 988 2013 levantur
1015 1967 1189 2011 dolore.
1238 1966 1359 2011 Sunt
1389 1976 1551 2010 autem

294 2043 334 2087 gc
362 2043 445 2086 alia
470 2044 619 2086 multa
650 2058 815 2103 genera
832 2075 844 2096 ‚
870 2058 989 2100 quae
1013 2041 1109 2085 suas
1144 2040 1320 2084 habent
1336 2038 1550 2099 proprie-

293 2116 538 2171 tates,-uti
581 2116 628 2159 in
663 2113 810 2159 Sicilia
849 2113 1030 2158 flumen
1066 2114 1126 2157 est
1160 2111 1386 2165 Himera,
1412 2107 1546 2170 quod

290 2205 317 2232 a
344 2188 474 2232 fonte
508 2204 617 2232 cum
651 2187 712 2231 est
741 2185 1052 2248 progressum,
1093 2184 1317 2229 dividitur
1353 2183 1401 2226 in
1436 2181 1551 2225 duas

292 2271 464 2321 partes:
517 2276 637 2319 qnae
683 2275 784 2319 pars
815 2259 1008 2318 profluit
1047 2270 1205 2304 contra
1245 2256 1551 2308 Hetruriarn,

294 2332 429 2393 quod
452 2348 536 2391 per
571 2343 714 2375 tetrae
759 2330 945 2374 dulcem
972 2326 1445 2387 succum-percussit,
1484 2324 1547 2368 est

294 2403 477 2448 infinita
505 2400 781 2453 dulcedine3
809 2401 946 2444 altera
972 2416 1099 2458 pars,
1129 2413 1246 2457 quae
1266 2412 1346 2456 pet
1377 2405 1546 2440 terram.

292 2475 437 2519 curiit
468 2473 595 2519 unde
625 2472 684 2518 sal
705 2471 916 2529 foditur,
948 2471 1111 2517 salsum
1145 2469 1289 2516 habet
1320 2467 1547 2528 sapotemc.
