1600 2902
276 133 370 181 314
530 117 596 162 M.
630 118 675 163 V
679 116 918 163 lTRUVII
951 117 1287 165 POLLIONIS

268 228 441 279 buhle,
477 241 598 284 quae
630 225 736 268 sunt
765 224 812 268 in
844 223 1025 268 summo
1045 225 1083 269 gc
1107 226 1153 269 in
1178 227 1275 271 imo
1306 225 1526 285 capituli,

270 295 572 354 parallelique
614 306 877 350 vocantur,
913 295 1025 338 fiant
1065 296 1351 341 crassitudine
1390 297 1528 342 unius

270 365 536 422 foraminis,
562 366 813 410 latitudine
845 367 983 410 unius
1002 365 1043 410 &1
1066 367 1161 411 eius
1195 367 1452 412 dodrantis:
1475 370 1527 412 in

269 439 489 483 extremis
507 473 518 494 ,
539 438 773 484 foraminis
792 441 930 483 unius
957 438 996 484 8:
1017 451 1053 483 s.
1099 439 1340 484 parastatae
1365 440 1527 485 dextra

268 527 321 555 ac
360 511 526 555 sinissra
551 545 564 566 ,
603 522 782 570 praeter
819 510 1053 567 cardines,
1095 512 1210 555 altae
1243 511 1526 558 foraminum

271 593 475 641 quatuor
495 618 506 639 ,
543 582 699 628 craffae
732 583 1015 629 foraminum
1056 584 1288 644 quinum:
1319 585 1528 630 cardines

270 656 506 701 foraminis
535 668 555 701 S
573 672 614 716 9.
651 655 692 701 A
713 656 937 702 foramine
965 657 1022 701 ad
1051 657 1315 703 medianam
1337 658 1528 717 parasta-

268 742 368 774 tam
389 731 502 774 item
522 729 756 775 foraminis
788 742 808 775 s
827 746 868 790 9.
906 730 1129 775 Latitudo
1160 731 1412 791 parastados
1428 747 1529 775 me-

272 803 375 847 diae
407 802 545 847 unius
574 802 812 848 foraminis
834 804 874 849 Sc
904 802 1000 848 eius
1024 817 1053 847 1.
1076 816 1118 846 L.
1144 803 1385 848 craffitudo
1409 802 1530 846 fora-

273 874 410 918 minis
440 876 591 920 unius.
637 877 942 921 Intervallum
972 875 1056 920 ubi
1086 876 1241 938 sagitta
1273 877 1528 920 collocatur

274 946 324 990 in
351 946 501 991 media
522 948 751 1008 parastade
778 947 1013 992 foraminis
1032 948 1170 1008 partis
1197 959 1398 1008 quartae.
1427 946 1528 992 An·-

273 1019 375 1080 guli
401 1032 628 1078 quatuor,
649 1021 731 1080 qui
753 1019 858 1066 sunt
885 1020 1002 1065 circa
1027 1020 1076 1065 in
1105 1021 1320 1066 lateribus
1338 1020 1378 1065 Sc
1399 1020 1529 1065 fron-

272 1091 419 1146 tibus,
441 1093 618 1137 laminis
645 1093 797 1138 ferreis
814 1105 894 1139 aut
921 1094 1023 1137 stilis
1045 1094 1181 1138 aereis
1196 1094 1235 1139 8c
1259 1093 1392 1138 clavis
1415 1109 1530 1138 con-

274 1166 487 1227 figantur.
537 1166 791 1212 Canalicnli
830 1167 941 1227 (qui
982 1168 1153 1212 Graece
1187 1170 1295 1224 στρὶξ
1330 1166 1528 1227 dicitur)

273 1237 522 1299 longitudo
569 1238 854 1284 foraminum
903 1252 1001 1283 XIX.
1057 1239 1340 1301 Regularum
1358 1273 1371 1295 ,
1414 1254 1529 1298 quas

272 1312 495 1356 nonnulli
517 1313 736 1358 bucculas
763 1313 1024 1371 appellant,
1053 1328 1173 1371 quae
1202 1311 1364 1355 dextra
1395 1326 1445 1355 ac
1477 1310 1530 1353 fi·-

275 1384 411 1428 nistra
440 1387 643 1429 canalem
676 1386 909 1446 figuntur,
944 1385 1227 1430 foraminum
1258 1397 1344 1429 XIX
1373 1384 1528 1427 altitu.-

277 1455 364 1510 do,
392 1456 624 1500 foraminis
656 1459 818 1513 unius,
842 1458 881 1502 8c
899 1457 1173 1502 craffitudo:
1209 1457 1250 1503 Sc
1277 1456 1527 1516 affiguntur

274 1529 460 1588 regulae
478 1528 597 1572 duae
612 1563 624 1584 ,
641 1529 688 1572 in
709 1546 820 1587 quas
836 1530 1014 1574 inditur
1031 1529 1184 1575 sucula
1198 1564 1209 1583 ,
1231 1527 1404 1571 liabens
1422 1528 1528 1570 lon-

275 1597 538 1660 gitudinem
568 1599 851 1643 foraminum
873 1600 1015 1643 trium
1036 1634 1048 1656 ,
1069 1599 1367 1644 latitudinem
1387 1597 1526 1641 dimi-

276 1670 408 1713 dium
431 1670 685 1714 foraminis:
715 1671 956 1716 crassitudo
986 1672 1213 1716 bucculae
1237 1686 1356 1729 quae
1386 1668 1528 1730 affigi-

276 1754 366 1796 tur,
383 1742 611 1786 vocitatur
626 1744 861 1787 camillum
876 1778 887 1798 ‚
901 1744 977 1789 seu
992 1742 1397 1803 quemadmodum
1412 1758 1528 1786 non-

274 1812 417 1868 nulli,
452 1814 823 1857 loculamentum
866 1813 1134 1858 securiclatis
1172 1812 1433 1857 cardinibus
1472 1812 1528 1856 fi-

274 1900 393 1928 xum
420 1884 654 1928 foraminis
679 1899 705 1928 Ι.
735 1884 954 1930 Altitudo
974 1885 1210 1929 foraminis
1229 1896 1263 1928 S.
1296 1884 1524 1930 Bucculae

274 1959 588 2020 longitudoss
609 1958 921 2003 foraminum
954 1961 965 2020 ξ
1039 1958 1279 2003 craffitudo
1296 1959 1525 2003 bucculae

274 2033 559 2077 foraminum
579 2046 642 2076 IX
676 2031 946 2092 Epitoxidos
968 2032 1218 2093 longitudo
1240 2032 1525 2077 foraminum

279 2117 403 2153 S—·.·-.
430 2105 669 2149 craslitudo
701 2125 796 2145 —.
841 2104 960 2147 Item
995 2104 1129 2148 chelo
1162 2104 1278 2163 (sire
1312 2103 1527 2147 manucla

277 2178 479 2236 dicitur)
518 2177 764 2240 longitudo
807 2176 1089 2221 foraminum
1128 2190 1196 2220 111.
1255 2175 1453 2220 latitudo
1484 2174 1526 2219 Sc

279 2250 520 2295 craffitudo
554 2262 574 2294 S
603 2268 671 2299 -÷.
739 2249 915 2294 Canalis
950 2247 1086 2293 fundi
1127 2247 1375 2309 longitudo
1411 2245 1529 2290 fora-

278 2323 463 2367 minum
506 2336 611 2370 XVI.
668 2322 912 2367 crassitudo
960 2321 1195 2366 foraminis
1239 2322 1290 2379 >ξ<
1327 2317 1526 2364 latitudo

281 2405 301 2438 S
316 2415 400 2444 ἐν.
433 2395 695 2442 Columella
715 2395 755 2442 Sc
778 2394 889 2440 basis
908 2395 957 2438 in
978 2394 1076 2440 folo
1101 2393 1388 2440 foraminum
1403 2386 1531 2446 otio,
