1600 2902
250 207 345 257 ‘228
505 205 574 252 M.
609 207 905 255 VITRUVII
937 210 1272 263 POLLIONIS

248 315 292 360 8c
323 314 478 358 subtili
504 314 788 371 salubritate,
814 323 889 359 aer
917 332 1112 363 avocans
1143 319 1320 381 dissipat
1349 321 1396 366 in
1421 323 1512 367 im-

247 396 415 446 petum
448 385 593 440 coeli3
631 401 851 445 quac-que
884 387 1161 448 graviffimae
1190 391 1428 451 duraeque
1468 393 1511 438 Sc

246 457 456 501 insuaves
483 456 588 502 sunt
619 468 795 516 partes,
821 472 900 502 eae
929 458 978 500 in
1008 457 1219 515 fontibus
1244 461 1510 522 campestri·-

248 529 335 577 bus
362 528 708 589 relinquuntur.

606 615 970 688 'CAPUT
1036 643 1122 688 11.

647 724 718 769 De
753 743 861 787 aqua
895 726 1105 770 imbrium.

327 813 495 873 Itaque
544 829 666 873 quae
716 830 775 858 ex
816 814 1050 859 imbribus
1092 831 1213 874 aqua
1247 816 1510 878 colligitur,

241 886 516 933 salubriores
550 887 690 932 habet
725 888 917 932 virtutes
937 921 949 943 ,
989 904 1044 932 eo
1074 888 1206 947 quod
1235 889 1420 951 eligitur
1452 907 1511 934 ex

242 959 466 1005 omnibus
494 958 703 1003 fontibus
727 958 955 1004 leviffimis
979 959 1326 1019 subtilibusque
1357 963 1511 1006 tenui-

239 1032 414 1078 tatibus
438 1050 446 1075 :
485 1030 657 1076 deinde
691 1047 772 1091 per
798 1031 907 1076 aeris
933 1032 1315 1077 exercitationem
1349 1049 1509 1092 perco-

238 1107 329 1149 lata
361 1103 711 1162 tempestatibus
743 1102 1048 1163 liquescendo
1079 1104 1294 1162 pervenit
1327 1105 1385 1149 ad
1417 1116 1510 1149 ter·

239 1193 350 1222 ram.
410 1176 658 1234 Etiamque
700 1191 798 1219 non
840 1175 1058 1220 crebriter
1094 1177 1140 1220 in
1180 1177 1352 1237 campis
1394 1193 1511 1221 con-

237 1247 401 1292 fluunt
436 1246 606 1290 imbres
628 1280 641 1302 ,
677 1246 755 1289 sed
791 1245 840 1290 in
872 1247 1145 1302 montibus,
1183 1258 1263 1292 aut
1299 1247 1357 1292 ad
1388 1247 1510 1307 ipsos

240 1332 453 1375 montes,
490 1319 600 1363 ideo
633 1318 764 1377 quod
793 1318 1013 1363 humores
1045 1335 1099 1362 ex
1132 1329 1248 1363 terra
1273 1320 1509 1365 matutino

239 1395 344 1440 solis
374 1406 480 1438 ortu
503 1392 649 1446 moti,
675 1408 783 1436 cum
814 1392 922 1436 sunt
953 1392 1134 1454 egrelli,
1165 1393 1214 1436 in
1245 1408 1511 1452 quamcun-

243 1483 339 1526 que
366 1477 547 1526 partem
576 1462 693 1507 coeli
725 1464 830 1507 sunt
858 1463 1132 1522 proclinati,
1165 1463 1364 1508 trudunt
1385 1471 1505 1520 aera,

242 1538 419 1583 deinde
451 1553 558 1582 cum
591 1536 697 1580 sunt
726 1535 841 1580 moti
869 1547 1063 1594 propter
1089 1535 1368 1580 vacuitatem
1394 1536 1504 1593 loci,

240 1610 345 1671 post
382 1609 426 1652 se
463 1607 697 1666 recipiunt
730 1607 839 1651 a‘e'ris
873 1618 1058 1650 ruentes
1094 1606 1253 1650 undas.
1304 1604 1395 1650 Aer
1424 1624 1508 1651 au-

243 1693 342 1727 tem
383 1695 496 1724 curn
539 1678 659 1732 ruit,
700 1675 893 1721 trudens
929 1692 1219 1736 quocunque
1255 1677 1506 1722 humorem

235 1753 520 1816 praevium,
559 1749 766 1810 spiritus,
805 1750 846 1794 Sc
879 1748 1111 1809 impetus,
1158 1748 1199 1794 Sc
1231 1749 1377 1794 undas
1414 1767 1508 1794 cre-

242 1830 418 1874 scentes
457 1824 564 1871 facit
599 1834 867 1868 ventorum.
928 1822 970 1867 A
1009 1823 1158 1867 ventis
1199 1836 1356 1868 autem
1389 1841 1509 1882 quo-

244 1920 436 1964 cunque
470 1902 685 1947 feruntur
716 1899 935 1943 humores
972 1896 1243 1959 conglobati
1277 1911 1334 1940 ex
1368 1896 1509 1940 fonti-

244 1979 363 2034 bus,
402 1977 443 2022 &
486 1973 759 2020 fluminibus
781 2005 794 2026 ‚
839 1972 879 2018 8c
909 1970 1190 2030 paludibus,
1236 1967 1276 2013 Sc
1308 1970 1506 2032 pelago,

245 2067 355 2096 cum
390 2059 551 2108 tepore
584 2046 685 2090 solis
719 2043 1061 2106 continguntur
1082 2076 1096 2098 ‚
1138 2042 1506 2097 exhauriuntur,

245 2124 287 2169 8c
316 2124 377 2167 ita
407 2122 644 2166 tolluntur
673 2119 721 2162 in
759 2117 1056 2161 altitudinem
1090 2115 1270 2159 nubes:
1317 2130 1394 2158 eae
1424 2113 1506 2157 de-

243 2196 357 2241 inde
390 2211 499 2239 cum
527 2193 638 2238 aeris
668 2191 794 2236 unda
820 2190 1019 2235 nitentes
1039 2223 1051 2245 ,
1088 2205 1195 2234 cum
1223 2187 1508 2248 perveniunt

243 2270 303 2315 ad
338 2280 521 2313 montes
540 2301 552 2322 ‚
586 2267 644 2310 ab
665 2279 830 2309 eorum
855 2262 1022 2308 ostensa
1038 2296 1051 2317 ‚
1091 2262 1131 2306 gc
1149 2260 1386 2321 procellis,
1406 2274 1506 2318 pro-

241 2352 347 2401 pter
378 2339 652 2400 plenitatem
686 2337 727 2383 ὃς
758 2336 1029 2398 gravitatem
1049 2368 1062 2389 ,
1095 2331 1396 2392 liquescendo
1432 2328 1504 2371 di-

243 2416 550 2476 sperguntur,
575 2412 614 2457 86
638 2412 697 2454 ita
719 2408 1053 2454 diffunduntur
1081 2407 1127 2450 iu
1162 2417 1310 2449 terraS.
1346 2402 1503 2460 Vapo-

245 2503 344 2532 rem
388 2498 542 2531 autem
568 2519 582 2542 ,
618 2484 658 2530 &⁴
698 2481 926 2537 nebulas,
964 2479 1005 2525 Sc
1039 2481 1260 2525 humores
1295 2492 1354 2521 ex
1386 2487 1505 2521 terra
