1600 2902
276 188 371 234 244
517 170 585 216 Μ.
620 168 915 216 VITRUVII
948 169 1288 219 POLLIONIS

272 290 376 327 vata
404 277 571 333 fuerit,
613 275 887 332 arbustisve,
921 286 1004 321 aut
1025 291 1182 333 carne,
1219 290 1299 324 aut
1328 277 1534 338 piscatu,

269 363 353 398 aut
386 351 524 396 etiam
563 350 777 410 qualibet
820 365 880 394 ex
913 348 982 393 his
1016 349 1204 408 reliquis
1239 351 1374 395 rebus
1415 350 1535 394 esca-

269 441 376 471 rum
396 415 586 469 vutend'o
620 422 792 483 poterit
822 422 942 466 tueri
974 422 1147 476 vitam3
1190 422 1281 467 fine
1305 440 1423 482 aqua
1454 439 1534 467 ve-

270 516 325 545 ro
350 514 437 543 nec
469 514 637 558 corpus
668 496 969 550 animalium,
1008 512 1096 540 nec
1132 496 1225 540 ulla
1263 495 1356 540 cibi
1390 497 1534 541 virtus

271 571 425 633 potest
458 570 600 624 nasci,
632 585 719 614 nec
755 569 901 624 tueri,
946 584 1033 613 nec
1059 568 1233 628 parari:
1272 584 1413 629 quare
1437 586 1535 614 ma-

271 662 360 709 gna
407 643 646 706 diligentia
696 642 1015 701 industriaque
1060 641 1319 701 quaerendi
1353 642 1458 688 sunt
1494 643 1534 688 Sc

270 718 478 784 eligendi
503 717 655 762 fontes
690 715 750 760 ad
788 716 1021 760 humanae
1052 716 1174 761 vitae
1205 714 1532 761 salubritatem.

698 823 976 871 CAPUT
1042 824 1102 871 V.

576 905 644 952 De
677 923 882 970 aquarum
922 907 1234 969 experimentis.

332 999 640 1061 Expertiones
678 1008 837 1042 autem
885 996 925 1041 8c
954 995 1252 1057 probationes
1277 1012 1441 1041 eorum
1476 995 1536 1042 fic

269 1072 378 1117 sunt
405 1070 740 1132 providendae.
775 1069 822 1115 Si
860 1080 996 1113 erunt
1032 1069 1319 1128 profluentes
1345 1069 1536 1129 &aper-

268 1145 334 1201 ti,
381 1159 636 1204 antequam
672 1142 781 1188 duci
827 1142 1139 1202 incipiantur,
1191 1141 1534 1202 adspiciantur‚

267 1219 527 1277 animoque
568 1216 894 1270 advertantur,
949 1231 1042 1273 qua
1092 1215 1410 1262 membratura
1444 1217 1533 1261 smt

267 1292 354 1351 qui
392 1292 508 1337 circa
555 1307 630 1335 eos
676 1288 829 1334 fontes
871 1287 1082 1333 habitant
1122 1288 1347 1335 homines.
1403 1291 1460 1335 Et
1499 1291 1531 1335 fi

267 1374 408 1408 erunt
441 1362 714 1422 corporibus
751 1361 1013 1405 valentibus
1033 1395 1044 1416 ‚
1081 1361 1317 1407 coloribus
1347 1362 1530 1417 nitidis,

265 1436 478 1481 cruribus
516 1452 613 1480 non
648 1435 844 1490 vitiofis‚
873 1450 971 1480 non
1005 1435 1143 1495 lippis
1174 1437 1317 1481 oculis
1338 1471 1350 1492 ‚
1393 1445 1532 1480 erunt

266 1508 584 1569 probatissimi.
622 1508 740 1552 Item
788 1507 817 1552 fi
852 1507 954 1552 fons
990 1524 1139 1553 novus
1176 1509 1317 1553 fuerit
1367 1508 1529 1564 fossus,

267 1581 309 1626 Sc
327 1581 374 1624 in
403 1597 478 1626 vas
498 1580 800 1624 Corinthium
817 1614 830 1636 ‚
855 1581 943 1625 five
963 1582 1146 1628 alterius
1167 1583 1342 1644 generis
1359 1617 1370 1637 ,
1396 1583 1530 1642 quod

268 1658 354 1704 erit
386 1674 446 1701 ex
476 1673 578 1702 aere
599 1656 728 1702 bono
746 1692 758 1713 ,
786 1674 838 1702 ea
853 1674 974 1717 aqua
1003 1658 1144 1718 sparsa
1174 1663 1403 1706 maculam
1431 1678 1528 1707 non

267 1733 453 1786 fecerit7
503 1732 682 1792 optima
718 1733 815 1778 erit.
861 1735 1081 1794 Itemque
1123 1736 1171 1780 in
1213 1737 1363 1780 alieno
1406 1737 1436 1781 fi
1480 1753 1531 1782 ea

266 1822 387 1865 aqua
423 1802 760 1862 defer-vestusta,
804 1806 844 1852 8c
867 1806 1022 1865 postea
1056 1807 1266 1866 requieta
1301 1808 1341 1854 Sc
1374 1808 1531 1853 defusa

264 1876 430 1930 fuerit,
480 1893 638 1935 neque
667 1878 714 1922 in
743 1880 838 1923 eius
866 1879 1000 1924 aheni
1028 1879 1181 1925 fundo
1209 1897 1342 1925 arena
1375 1895 1454 1927 aut
1481 1882 1533 1925 li·-

265 1964 371 1993 mus
392 1948 679 2003 invenietur,
713 1965 763 1994 ea
791 1966 913 2009 aqua
945 1952 1029 1995 erit
1048 1952 1159 1996 item
1176 1953 1384 2011 probata.
1411 1954 1531 1998 Item

265 2019 298 2064 sl
317 2021 552 2082 legumina
570 2021 616 2064 in
636 2038 711 2065 vas
727 2037 835 2065 curn
858 2038 909 2066 ea
927 2039 1048 2082 aqua
1066 2022 1271 2070 coniecta
1297 2025 1354 2069 ad
1374 2027 1531 2088 ignem

266 2090 442 2150 poffia,
490 2092 697 2136 celeriter
734 2091 950 2152 percocta
997 2095 1198 2152 fuerint,
1253 2098 1532 2145 indicabunt

267 2179 368 2207 eam
388 2180 558 2223 aquarn
592 2164 677 2209 effe
700 2166 874 2210 bonam
896 2167 936 2211 ὃς
967 2168 1211 2214 salubrem.
1262 2171 1373 2215 Non
1394 2173 1529 2216 etiam

266 2235 424 2281 minus
452 2237 545 2296 ipsa
566 2254 709 2297 aqua,
729 2254 849 2298 quae
870 2239 952 2284 erit
975 2241 1020 2285 in
1044 2241 1198 2298 fonte,
1226 2243 1256 2287 fi
1279 2242 1416 2287 fuerit
1434 2244 1536 2287 lim-

266 2308 378 2367 pida
416 2307 454 2353 Sc
474 2311 736 2370 perlucida,
768 2312 808 2355 Sc
831 2328 1124 2373 quocunque
1154 2316 1418 2376 pervenerit
1452 2327 1532 2360 aut

268 2382 569 2441 perfluxexit,
605 2385 634 2430 sl
661 2385 846 2431 muscus
865 2402 963 2432 nou
986 2390 1192 2434 nalcetur
1209 2424 1220 2445 ‚
1258 2404 1414 2447 neque
1436 2387 1531 2430 iun·

266 2467 368 2509 cust,
400 2471 556 2515 neque
581 2456 850 2515 ii‘tquinatus
879 2457 936 2502 ab
972 2459 1132 2519 aliquo
1172 2458 1529 2518 inquinamento
