<?xml version="1.0" encoding="UTF-8"?>
<!DOCTYPE html PUBLIC "-//W3C//DTD XHTML 1.0 Transitional//EN"
    "http://www.w3.org/TR/xhtml1/DTD/xhtml1-transitional.dtd">
<html xmlns="http://www.w3.org/1999/xhtml" xml:lang="en" lang="en">
 <head>
  <title>
</title>
<meta http-equiv="Content-Type" content="text/html;charset=utf-8" />
  <meta name='ocr-system' content='tesseract 3.04.00' />
  <meta name='ocr-capabilities' content='ocr_page ocr_carea ocr_par ocr_line ocrx_word'/>
</head>
<body>
  <div class='ocr_page' id='page_1' title='image "./mvitruviipollion00vitr/mvitruviipollion00vitr_0185.png"; bbox 0 0 1600 2902; ppageno 0'>
   <div class='ocr_carea' id='block_1_1' title="bbox 295 211 1366 263">
    <p class='ocr_par' dir='ltr' id='par_1_1' title="bbox 295 211 1366 263">
     <span class='ocr_line' id='line_1_1' title="bbox 295 211 1366 263; baseline 0 -1"><span class='ocrx_word' id='word_1_1' title='bbox 295 215 376 263; x_wconf 89' lang='lat' dir='ltr'>DE</span> <span class='ocrx_word' id='word_1_2' title='bbox 411 213 902 261; x_wconf 82' lang='lat' dir='ltr'>ARCHITECTURA</span> <span class='ocrx_word' id='word_1_3' title='bbox 941 211 1050 260; x_wconf 91' lang='lat' dir='ltr'><strong>LIB.</strong></span> <span class='ocrx_word' id='word_1_4' title='bbox 1086 213 1169 260; x_wconf 89' lang='lat' dir='ltr'>IV.</span> <span class='ocrx_word' id='word_1_5' title='bbox 1276 228 1366 262; x_wconf 80' lang='lat'>121</span> 
     </span>
    </p>
   </div>
   <div class='ocr_carea' id='block_1_2' title="bbox 98 322 1371 751">
    <p class='ocr_par' dir='ltr' id='par_1_2' title="bbox 98 322 1371 751">
     <span class='ocr_line' id='line_1_2' title="bbox 103 322 1370 399; baseline -0.006 -25"><span class='ocrx_word' id='word_1_6' title='bbox 103 330 234 399; x_wconf 74' lang='lat' dir='ltr'>Quas</span> <span class='ocrx_word' id='word_1_7' title='bbox 268 328 468 372; x_wconf 85' lang='lat' dir='ltr'>rationes</span> <span class='ocrx_word' id='word_1_8' title='bbox 502 326 690 370; x_wconf 85' lang='lat' dir='ltr'>aedium</span> <span class='ocrx_word' id='word_1_9' title='bbox 724 325 949 370; x_wconf 83' lang='lat' dir='ltr'>sacrarum</span> <span class='ocrx_word' id='word_1_10' title='bbox 985 324 1035 368; x_wconf 87' lang='lat' dir='ltr'>in</span> <span class='ocrx_word' id='word_1_11' title='bbox 1070 322 1370 368; x_wconf 85' lang='lat' dir='ltr'>formationi·</span> 
     </span>
     <span class='ocr_line' id='line_1_3' title="bbox 102 396 1371 460; baseline -0.004 -13"><span class='ocrx_word' id='word_1_12' title='bbox 102 403 194 447; x_wconf 89' lang='lat' dir='ltr'>bus</span> <span class='ocrx_word' id='word_1_13' title='bbox 235 411 450 460; x_wconf 80' lang='lat' dir='ltr'>oporteat</span> <span class='ocrx_word' id='word_1_14' title='bbox 490 399 587 443; x_wconf 82' lang='lat' dir='ltr'>fieri</span> <span class='ocrx_word' id='word_1_15' title='bbox 627 399 828 453; x_wconf 80' lang='lat' dir='ltr'>Doricis‚</span> <span class='ocrx_word' id='word_1_16' title='bbox 870 398 1058 452; x_wconf 82' lang='lat' dir='ltr'>Ionicis,</span> <span class='ocrx_word' id='word_1_17' title='bbox 1093 396 1371 442; x_wconf 87' lang='lat' dir='ltr'>Corinthiis-</span> 
     </span>
     <span class='ocr_line' id='line_1_4' title="bbox 103 463 1371 535; baseline -0.002 -16"><span class='ocrx_word' id='word_1_18' title='bbox 103 491 199 535; x_wconf 90' lang='lat' dir='ltr'>que</span> <span class='ocrx_word' id='word_1_19' title='bbox 230 463 474 534; x_wconf 64' lang='lat' dir='ltr'>operibus,⁶</span> <span class='ocrx_word' id='word_1_20' title='bbox 507 473 668 532; x_wconf 85' lang='lat' dir='ltr'>quoad</span> <span class='ocrx_word' id='word_1_21' title='bbox 691 474 829 533; x_wconf 87' lang='lat' dir='ltr'>potui</span> <span class='ocrx_word' id='word_1_22' title='bbox 851 473 1102 535; x_wconf 85' lang='lat' dir='ltr'>attingere,</span> <span class='ocrx_word' id='word_1_23' title='bbox 1134 471 1283 516; x_wconf 84' lang='lat' dir='ltr'>veluti</span> <span class='ocrx_word' id='word_1_24' title='bbox 1302 472 1371 516; x_wconf 88' lang='lat' dir='ltr'>le·-</span> 
     </span>
     <span class='ocr_line' id='line_1_5' title="bbox 98 543 1371 611; baseline -0.002 -20"><span class='ocrx_word' id='word_1_25' title='bbox 98 549 269 611; x_wconf 82' lang='lat' dir='ltr'>gitimis</span> <span class='ocrx_word' id='word_1_26' title='bbox 303 548 509 592; x_wconf 88' lang='lat' dir='ltr'>moribus</span> <span class='ocrx_word' id='word_1_27' title='bbox 551 547 759 606; x_wconf 74' lang='lat' dir='ltr'>exposui.</span> <span class='ocrx_word' id='word_1_28' title='bbox 822 547 964 592; x_wconf 87' lang='lat' dir='ltr'>Nunc</span> <span class='ocrx_word' id='word_1_29' title='bbox 1007 545 1066 589; x_wconf 89' lang='lat' dir='ltr'>de</span> <span class='ocrx_word' id='word_1_30' title='bbox 1104 543 1371 589; x_wconf 78' lang='lat' dir='ltr'>Tuscanicis</span> 
     </span>
     <span class='ocr_line' id='line_1_6' title="bbox 102 618 1370 681; baseline -0.002 -16"><span class='ocrx_word' id='word_1_31' title='bbox 102 621 482 681; x_wconf 77' lang='lat' dir='ltr'>dispositionibus</span> <span class='ocrx_word' id='word_1_32' title='bbox 502 655 516 677; x_wconf 83' lang='grc'>,</span> <span class='ocrx_word' id='word_1_33' title='bbox 572 619 982 681; x_wconf 77' lang='lat' dir='ltr'>quemadmodum</span> <span class='ocrx_word' id='word_1_34' title='bbox 1013 618 1190 665; x_wconf 83' lang='lat' dir='ltr'>institui</span> <span class='ocrx_word' id='word_1_35' title='bbox 1226 633 1370 678; x_wconf 83' lang='lat' dir='ltr'>opor-</span> 
     </span>
     <span class='ocr_line' id='line_1_7' title="bbox 103 695 430 751; baseline -0.006 -12"><span class='ocrx_word' id='word_1_36' title='bbox 103 705 227 751; x_wconf 81' lang='lat' dir='ltr'>teat,</span> <span class='ocrx_word' id='word_1_37' title='bbox 261 695 430 740; x_wconf 78' lang='lat' dir='ltr'>dicam.</span> 
     </span>
    </p>
   </div>
   <div class='ocr_carea' id='block_1_3' title="bbox 446 808 1019 856">
    <p class='ocr_par' dir='ltr' id='par_1_3' title="bbox 446 808 1019 856">
     <span class='ocr_line' id='line_1_8' title="bbox 446 808 1019 856; baseline -0.005 0"><span class='ocrx_word' id='word_1_38' title='bbox 446 809 784 856; x_wconf 91' lang='lat' dir='ltr'><strong>CAPUT</strong></span> <span class='ocrx_word' id='word_1_39' title='bbox 850 808 1019 854; x_wconf 91' lang='lat' dir='ltr'><strong>VII.</strong></span> 
     </span>
    </p>
   </div>
   <div class='ocr_carea' id='block_1_4' title="bbox 99 889 1371 1026">
    <p class='ocr_par' dir='ltr' id='par_1_4' title="bbox 99 889 1371 1026">
     <span class='ocr_line' id='line_1_9' title="bbox 99 889 1371 951; baseline -0.002 -15"><span class='ocrx_word' id='word_1_40' title='bbox 99 889 172 936; x_wconf 85' lang='lat' dir='ltr'>De</span> <span class='ocrx_word' id='word_1_41' title='bbox 199 894 364 937; x_wconf 81' lang='lat' dir='ltr'>ratione</span> <span class='ocrx_word' id='word_1_42' title='bbox 404 892 639 951; x_wconf 71' lang='lat' dir='ltr'><em>Tuscanica</em></span> <span class='ocrx_word' id='word_1_43' title='bbox 658 908 674 936; x_wconf 91' lang='lat'>‚·</span> <span class='ocrx_word' id='word_1_44' title='bbox 717 891 765 934; x_wconf 80' lang='lat' dir='ltr'>de</span> <span class='ocrx_word' id='word_1_45' title='bbox 790 890 961 934; x_wconf 76' lang='lat' dir='ltr'>aedibus</span> <span class='ocrx_word' id='word_1_46' title='bbox 993 890 1219 937; x_wconf 58' lang='lat' dir='ltr'>rotundi53</span> <span class='ocrx_word' id='word_1_47' title='bbox 1251 889 1371 934; x_wconf 76' lang='lat' dir='ltr'>aliis-</span> 
     </span>
     <span class='ocr_line' id='line_1_10' title="bbox 333 963 1131 1026; baseline -0.004 -17"><span class='ocrx_word' id='word_1_48' title='bbox 333 982 409 1026; x_wconf 80' lang='lat' dir='ltr'>que</span> <span class='ocrx_word' id='word_1_49' title='bbox 431 966 657 1026; x_wconf 79' lang='lat' dir='ltr'>generibus</span> <span class='ocrx_word' id='word_1_50' title='bbox 691 965 857 1008; x_wconf 76' lang='lat' dir='ltr'>aedium</span> <span class='ocrx_word' id='word_1_51' title='bbox 886 963 1131 1023; x_wconf 76' lang='lat' dir='ltr'>sacrarum.</span> 
     </span>
    </p>
   </div>
   <div class='ocr_carea' id='block_1_5' title="bbox 92 1048 1368 2572">
    <p class='ocr_par' dir='ltr' id='par_1_5' title="bbox 92 1048 1368 2572">
     <span class='ocr_line' id='line_1_11' title="bbox 164 1048 1367 1111; baseline -0.002 -16"><span class='ocrx_word' id='word_1_52' title='bbox 164 1052 316 1096; x_wconf 86' lang='lat' dir='ltr'>Locus</span> <span class='ocrx_word' id='word_1_53' title='bbox 346 1053 393 1095; x_wconf 88' lang='lat' dir='ltr'>in</span> <span class='ocrx_word' id='word_1_54' title='bbox 416 1069 516 1111; x_wconf 87' lang='lat' dir='ltr'>quo</span> <span class='ocrx_word' id='word_1_55' title='bbox 539 1052 663 1097; x_wconf 82' lang='lat' dir='ltr'>aedis</span> <span class='ocrx_word' id='word_1_56' title='bbox 692 1051 1003 1096; x_wconf 83' lang='lat' dir='ltr'>constituetur</span> <span class='ocrx_word' id='word_1_57' title='bbox 1018 1084 1031 1104; x_wconf 83' lang='lat'><em>‚</em></span> <span class='ocrx_word' id='word_1_58' title='bbox 1054 1066 1164 1094; x_wconf 87' lang='lat' dir='ltr'>cum</span> <span class='ocrx_word' id='word_1_59' title='bbox 1188 1048 1367 1094; x_wconf 83' lang='lat' dir='ltr'>habue-</span> 
     </span>
     <span class='ocr_line' id='line_1_12' title="bbox 96 1123 1368 1188; baseline -0.005 -16"><span class='ocrx_word' id='word_1_60' title='bbox 96 1126 157 1172; x_wconf 74' lang='lat' dir='ltr'>rit</span> <span class='ocrx_word' id='word_1_61' title='bbox 186 1127 234 1171; x_wconf 89' lang='lat' dir='ltr'>in</span> <span class='ocrx_word' id='word_1_62' title='bbox 261 1127 562 1188; x_wconf 77' lang='lat' dir='ltr'>longitudine</span> <span class='ocrx_word' id='word_1_63' title='bbox 590 1127 668 1172; x_wconf 78' lang='lat' dir='ltr'>sex</span> <span class='ocrx_word' id='word_1_64' title='bbox 694 1139 845 1187; x_wconf 88' lang='lat' dir='ltr'>partes</span> <span class='ocrx_word' id='word_1_65' title='bbox 863 1160 876 1180; x_wconf 87' lang='lat'>‚</span> <span class='ocrx_word' id='word_1_66' title='bbox 918 1141 1013 1169; x_wconf 86' lang='lat' dir='ltr'>una</span> <span class='ocrx_word' id='word_1_67' title='bbox 1037 1123 1256 1183; x_wconf 83' lang='lat' dir='ltr'>dempta,</span> <span class='ocrx_word' id='word_1_68' title='bbox 1296 1138 1368 1167; x_wconf 87' lang='lat' dir='ltr'>re-</span> 
     </span>
     <span class='ocr_line' id='line_1_13' title="bbox 97 1193 1366 1258; baseline -0.003 -16"><span class='ocrx_word' id='word_1_69' title='bbox 97 1198 288 1256; x_wconf 88' lang='lat' dir='ltr'>liquum</span> <span class='ocrx_word' id='word_1_70' title='bbox 319 1199 454 1258; x_wconf 85' lang='lat' dir='ltr'>quod</span> <span class='ocrx_word' id='word_1_71' title='bbox 479 1200 592 1255; x_wconf 87' lang='lat' dir='ltr'>erit,</span> <span class='ocrx_word' id='word_1_72' title='bbox 628 1198 869 1244; x_wconf 82' lang='lat' dir='ltr'>latitudini</span> <span class='ocrx_word' id='word_1_73' title='bbox 904 1198 1053 1242; x_wconf 89' lang='lat' dir='ltr'>detur.</span> <span class='ocrx_word' id='word_1_74' title='bbox 1089 1193 1366 1258; x_wconf 85' lang='lat' dir='ltr'>Longitudo</span> 
     </span>
     <span class='ocr_line' id='line_1_14' title="bbox 96 1266 1367 1330; baseline -0.002 -17"><span class='ocrx_word' id='word_1_75' title='bbox 96 1282 258 1314; x_wconf 85' lang='lat' dir='ltr'>autern</span> <span class='ocrx_word' id='word_1_76' title='bbox 291 1270 528 1315; x_wconf 80' lang='lat' dir='ltr'>dividatur</span> <span class='ocrx_word' id='word_1_77' title='bbox 557 1271 778 1330; x_wconf 80' lang='lat' dir='ltr'>bipartito</span> <span class='ocrx_word' id='word_1_78' title='bbox 799 1306 813 1327; x_wconf 82' lang='lat'>‚</span> <span class='ocrx_word' id='word_1_79' title='bbox 845 1271 886 1316; x_wconf 68' lang='lat'>8&lt;</span> <span class='ocrx_word' id='word_1_80' title='bbox 915 1285 1035 1329; x_wconf 87' lang='lat' dir='ltr'>quae</span> <span class='ocrx_word' id='word_1_81' title='bbox 1054 1285 1154 1329; x_wconf 79' lang='lat' dir='ltr'>pars</span> <span class='ocrx_word' id='word_1_82' title='bbox 1183 1267 1269 1312; x_wconf 86' lang='lat' dir='ltr'>erit</span> <span class='ocrx_word' id='word_1_83' title='bbox 1297 1266 1367 1310; x_wconf 85' lang='lat' dir='ltr'>in-</span> 
     </span>
     <span class='ocr_line' id='line_1_15' title="bbox 97 1337 1363 1406; baseline -0.003 -21"><span class='ocrx_word' id='word_1_84' title='bbox 97 1342 267 1398; x_wconf 84' lang='lat' dir='ltr'>terior,</span> <span class='ocrx_word' id='word_1_85' title='bbox 309 1344 530 1388; x_wconf 89' lang='lat' dir='ltr'>cellarum</span> <span class='ocrx_word' id='word_1_86' title='bbox 572 1344 724 1403; x_wconf 78' lang='lat' dir='ltr'>spatiis</span> <span class='ocrx_word' id='word_1_87' title='bbox 768 1344 1057 1406; x_wconf 77' lang='lat' dir='ltr'>designetur:</span> <span class='ocrx_word' id='word_1_88' title='bbox 1106 1356 1227 1400; x_wconf 83' lang='lat' dir='ltr'>quae</span> <span class='ocrx_word' id='word_1_89' title='bbox 1275 1337 1363 1382; x_wconf 87' lang='lat' dir='ltr'>erit</span> 
     </span>
     <span class='ocr_line' id='line_1_16' title="bbox 96 1412 1365 1476; baseline -0.002 -18"><span class='ocrx_word' id='word_1_90' title='bbox 96 1416 313 1474; x_wconf 78' lang='lat' dir='ltr'>proxima</span> <span class='ocrx_word' id='word_1_91' title='bbox 334 1416 506 1472; x_wconf 85' lang='lat' dir='ltr'>fronti,</span> <span class='ocrx_word' id='word_1_92' title='bbox 538 1419 871 1462; x_wconf 86' lang='lat' dir='ltr'>columnarum</span> <span class='ocrx_word' id='word_1_93' title='bbox 903 1413 1190 1476; x_wconf 81' lang='lat' dir='ltr'>dispositioni</span> <span class='ocrx_word' id='word_1_94' title='bbox 1225 1412 1365 1457; x_wconf 89' lang='lat' dir='ltr'>relin-</span> 
     </span>
     <span class='ocr_line' id='line_1_17' title="bbox 95 1486 1359 1547; baseline 0 -19"><span class='ocrx_word' id='word_1_95' title='bbox 95 1499 281 1545; x_wconf 81' lang='lat' dir='ltr'>quatur.</span> <span class='ocrx_word' id='word_1_96' title='bbox 306 1488 425 1532; x_wconf 84' lang='lat' dir='ltr'>Item</span> <span class='ocrx_word' id='word_1_97' title='bbox 444 1488 646 1533; x_wconf 85' lang='lat' dir='ltr'>latitudo</span> <span class='ocrx_word' id='word_1_98' title='bbox 669 1487 904 1533; x_wconf 80' lang='lat' dir='ltr'>dividatur</span> <span class='ocrx_word' id='word_1_99' title='bbox 930 1488 978 1532; x_wconf 92' lang='lat' dir='ltr'>in</span> <span class='ocrx_word' id='word_1_100' title='bbox 1001 1498 1153 1547; x_wconf 86' lang='lat' dir='ltr'>partes</span> <span class='ocrx_word' id='word_1_101' title='bbox 1172 1486 1359 1530; x_wconf 86' lang='lat' dir='ltr'>decem:</span> 
     </span>
     <span class='ocr_line' id='line_1_18' title="bbox 95 1558 1363 1620; baseline 0.001 -19"><span class='ocrx_word' id='word_1_102' title='bbox 95 1574 155 1602; x_wconf 84' lang='lat' dir='ltr'>ex</span> <span class='ocrx_word' id='word_1_103' title='bbox 188 1559 256 1602; x_wconf 88' lang='lat' dir='ltr'>his</span> <span class='ocrx_word' id='word_1_104' title='bbox 289 1571 446 1605; x_wconf 84' lang='lat' dir='ltr'>ternae</span> <span class='ocrx_word' id='word_1_105' title='bbox 473 1572 623 1620; x_wconf 84' lang='lat' dir='ltr'>partes</span> <span class='ocrx_word' id='word_1_106' title='bbox 657 1561 821 1606; x_wconf 75' lang='lat' dir='ltr'>dextra</span> <span class='ocrx_word' id='word_1_107' title='bbox 852 1577 904 1606; x_wconf 90' lang='lat' dir='ltr'>ac</span> <span class='ocrx_word' id='word_1_108' title='bbox 926 1560 1093 1605; x_wconf 81' lang='lat' dir='ltr'>finistra</span> <span class='ocrx_word' id='word_1_109' title='bbox 1117 1559 1243 1605; x_wconf 83' lang='lat' dir='ltr'>cellis</span> <span class='ocrx_word' id='word_1_110' title='bbox 1272 1558 1363 1603; x_wconf 91' lang='lat' dir='ltr'>mi-</span> 
     </span>
     <span class='ocr_line' id='line_1_19' title="bbox 95 1632 1363 1692; baseline 0.001 -16"><span class='ocrx_word' id='word_1_111' title='bbox 95 1632 316 1689; x_wconf 86' lang='lat' dir='ltr'>noribus,</span> <span class='ocrx_word' id='word_1_112' title='bbox 347 1634 438 1679; x_wconf 88' lang='lat' dir='ltr'>five</span> <span class='ocrx_word' id='word_1_113' title='bbox 470 1634 553 1679; x_wconf 86' lang='lat' dir='ltr'>ubi</span> <span class='ocrx_word' id='word_1_114' title='bbox 580 1636 675 1679; x_wconf 82' lang='lat' dir='ltr'>alae</span> <span class='ocrx_word' id='word_1_115' title='bbox 705 1636 889 1680; x_wconf 88' lang='lat' dir='ltr'>futurae</span> <span class='ocrx_word' id='word_1_116' title='bbox 914 1637 1026 1692; x_wconf 88' lang='lat' dir='ltr'>fint‚</span> <span class='ocrx_word' id='word_1_117' title='bbox 1053 1634 1253 1688; x_wconf 80' lang='lat' dir='ltr'>dentur,</span> <span class='ocrx_word' id='word_1_118' title='bbox 1288 1649 1363 1678; x_wconf 92' lang='lat' dir='ltr'>re-</span> 
     </span>
     <span class='ocr_line' id='line_1_20' title="bbox 94 1706 1362 1768; baseline -0.002 -15"><span class='ocrx_word' id='word_1_119' title='bbox 94 1709 251 1767; x_wconf 81' lang='lat' dir='ltr'>liquae</span> <span class='ocrx_word' id='word_1_120' title='bbox 282 1720 485 1768; x_wconf 86' lang='lat' dir='ltr'>quatuor</span> <span class='ocrx_word' id='word_1_121' title='bbox 512 1711 696 1754; x_wconf 89' lang='lat' dir='ltr'>mediae</span> <span class='ocrx_word' id='word_1_122' title='bbox 732 1710 837 1754; x_wconf 90' lang='lat' dir='ltr'>aedi</span> <span class='ocrx_word' id='word_1_123' title='bbox 877 1709 1206 1754; x_wconf 77' lang='lat' dir='ltr'>attribuantur.</span> <span class='ocrx_word' id='word_1_124' title='bbox 1243 1706 1362 1767; x_wconf 82' lang='lat' dir='ltr'>Spa·-</span> 
     </span>
     <span class='ocr_line' id='line_1_21' title="bbox 93 1780 1362 1842; baseline -0.002 -17"><span class='ocrx_word' id='word_1_125' title='bbox 93 1780 244 1835; x_wconf 86' lang='lat' dir='ltr'>tium‚</span> <span class='ocrx_word' id='word_1_126' title='bbox 281 1782 417 1839; x_wconf 91' lang='lat' dir='ltr'>quod</span> <span class='ocrx_word' id='word_1_127' title='bbox 451 1782 535 1826; x_wconf 88' lang='lat' dir='ltr'>erit</span> <span class='ocrx_word' id='word_1_128' title='bbox 560 1795 668 1827; x_wconf 87' lang='lat' dir='ltr'>ante</span> <span class='ocrx_word' id='word_1_129' title='bbox 704 1783 837 1827; x_wconf 87' lang='lat' dir='ltr'>cellas</span> <span class='ocrx_word' id='word_1_130' title='bbox 864 1782 913 1826; x_wconf 90' lang='lat' dir='ltr'>in</span> <span class='ocrx_word' id='word_1_131' title='bbox 945 1797 1150 1842; x_wconf 78' lang='lat' dir='ltr'>pronao,</span> <span class='ocrx_word' id='word_1_132' title='bbox 1190 1781 1252 1823; x_wconf 89' lang='lat' dir='ltr'>ita</span> <span class='ocrx_word' id='word_1_133' title='bbox 1279 1794 1362 1824; x_wconf 86' lang='lat' dir='ltr'>co-</span> 
     </span>
     <span class='ocr_line' id='line_1_22' title="bbox 93 1853 1357 1917; baseline -0.002 -19"><span class='ocrx_word' id='word_1_134' title='bbox 93 1853 268 1898; x_wconf 89' lang='lat' dir='ltr'>lumnis</span> <span class='ocrx_word' id='word_1_135' title='bbox 307 1853 594 1916; x_wconf 76' lang='lat' dir='ltr'>designetur,</span> <span class='ocrx_word' id='word_1_136' title='bbox 631 1868 685 1898; x_wconf 87' lang='lat' dir='ltr'>ut</span> <span class='ocrx_word' id='word_1_137' title='bbox 719 1856 958 1917; x_wconf 83' lang='lat' dir='ltr'>angulares</span> <span class='ocrx_word' id='word_1_138' title='bbox 996 1863 1161 1898; x_wconf 86' lang='lat' dir='ltr'>contra</span> <span class='ocrx_word' id='word_1_139' title='bbox 1196 1862 1357 1907; x_wconf 84' lang='lat' dir='ltr'>antas,</span> 
     </span>
     <span class='ocr_line' id='line_1_23' title="bbox 93 1927 1359 1990; baseline -0.002 -19"><span class='ocrx_word' id='word_1_140' title='bbox 93 1927 327 1988; x_wconf 78' lang='lat' dir='ltr'>parietum</span> <span class='ocrx_word' id='word_1_141' title='bbox 368 1940 689 1974; x_wconf 83' lang='lat' dir='ltr'>extremorum</span> <span class='ocrx_word' id='word_1_142' title='bbox 731 1946 756 1973; x_wconf 90' lang='lat' dir='ltr'>e</span> <span class='ocrx_word' id='word_1_143' title='bbox 794 1928 1005 1990; x_wconf 79' lang='lat' dir='ltr'>regione,</span> <span class='ocrx_word' id='word_1_144' title='bbox 1048 1927 1359 1971; x_wconf 87' lang='lat' dir='ltr'>collocentur.</span> 
     </span>
     <span class='ocr_line' id='line_1_24' title="bbox 94 1998 1359 2062; baseline -0.003 -17"><span class='ocrx_word' id='word_1_145' title='bbox 94 1998 230 2045; x_wconf 84' lang='lat' dir='ltr'>Duae</span> <span class='ocrx_word' id='word_1_146' title='bbox 263 2000 442 2045; x_wconf 87' lang='lat' dir='ltr'>mediae</span> <span class='ocrx_word' id='word_1_147' title='bbox 461 2017 487 2045; x_wconf 92' lang='lat' dir='ltr'>e</span> <span class='ocrx_word' id='word_1_148' title='bbox 516 2002 706 2062; x_wconf 80' lang='lat' dir='ltr'>regione</span> <span class='ocrx_word' id='word_1_149' title='bbox 733 2001 965 2060; x_wconf 84' lang='lat' dir='ltr'>parietum</span> <span class='ocrx_word' id='word_1_150' title='bbox 986 2034 998 2056; x_wconf 83' lang='grc'>,</span> <span class='ocrx_word' id='word_1_151' title='bbox 1026 2000 1109 2058; x_wconf 88' lang='lat' dir='ltr'>qui</span> <span class='ocrx_word' id='word_1_152' title='bbox 1137 1999 1258 2042; x_wconf 85' lang='lat' dir='ltr'>inter</span> <span class='ocrx_word' id='word_1_153' title='bbox 1274 2013 1359 2042; x_wconf 82' lang='lat' dir='ltr'>an·-</span> 
     </span>
     <span class='ocr_line' id='line_1_25' title="bbox 95 2071 1355 2131; baseline -0.002 -16"><span class='ocrx_word' id='word_1_154' title='bbox 95 2081 161 2115; x_wconf 79' lang='lat' dir='ltr'>tas</span> <span class='ocrx_word' id='word_1_155' title='bbox 183 2073 224 2120; x_wconf 64' lang='grc'>86</span> <span class='ocrx_word' id='word_1_156' title='bbox 244 2073 447 2118; x_wconf 79' lang='lat' dir='ltr'>mediam</span> <span class='ocrx_word' id='word_1_157' title='bbox 475 2075 640 2119; x_wconf 86' lang='lat' dir='ltr'>aedem</span> <span class='ocrx_word' id='word_1_158' title='bbox 669 2074 842 2119; x_wconf 88' lang='lat' dir='ltr'>fuerint</span> <span class='ocrx_word' id='word_1_159' title='bbox 858 2109 871 2131; x_wconf 68' lang='lat' dir='ltr'>a</span> <span class='ocrx_word' id='word_1_160' title='bbox 909 2074 973 2118; x_wconf 87' lang='lat' dir='ltr'>ita</span> <span class='ocrx_word' id='word_1_161' title='bbox 992 2071 1324 2117; x_wconf 76' lang='lat' dir='ltr'>distribuantur</span> <span class='ocrx_word' id='word_1_162' title='bbox 1340 2102 1355 2126; x_wconf 88' lang='lat'>‚</span> 
     </span>
     <span class='ocr_line' id='line_1_26' title="bbox 96 2143 1354 2207; baseline 0 -19"><span class='ocrx_word' id='word_1_163' title='bbox 96 2155 151 2188; x_wconf 88' lang='lat' dir='ltr'>ut</span> <span class='ocrx_word' id='word_1_164' title='bbox 177 2144 297 2190; x_wconf 87' lang='lat' dir='ltr'>inter</span> <span class='ocrx_word' id='word_1_165' title='bbox 324 2158 447 2190; x_wconf 86' lang='lat' dir='ltr'>antas</span> <span class='ocrx_word' id='word_1_166' title='bbox 476 2149 517 2192; x_wconf 65' lang='lat' dir='ltr'>Sc</span> <span class='ocrx_word' id='word_1_167' title='bbox 549 2149 790 2192; x_wconf 83' lang='lat' dir='ltr'>columnas</span> <span class='ocrx_word' id='word_1_168' title='bbox 819 2148 993 2207; x_wconf 82' lang='lat' dir='ltr'>priores</span> <span class='ocrx_word' id='word_1_169' title='bbox 1026 2161 1108 2205; x_wconf 88' lang='lat' dir='ltr'>per</span> <span class='ocrx_word' id='word_1_170' title='bbox 1138 2143 1354 2189; x_wconf 88' lang='lat' dir='ltr'>medium</span> 
     </span>
     <span class='ocr_line' id='line_1_27' title="bbox 93 2214 1355 2278; baseline 0.002 -20"><span class='ocrx_word' id='word_1_171' title='bbox 93 2214 259 2259; x_wconf 85' lang='lat' dir='ltr'>iisdem</span> <span class='ocrx_word' id='word_1_172' title='bbox 289 2218 552 2278; x_wconf 79' lang='lat' dir='ltr'>regionibus</span> <span class='ocrx_word' id='word_1_173' title='bbox 584 2220 750 2263; x_wconf 81' lang='lat' dir='ltr'>alterae</span> <span class='ocrx_word' id='word_1_174' title='bbox 794 2218 1127 2278; x_wconf 81' lang='lat' dir='ltr'>disponantnr3</span> <span class='ocrx_word' id='word_1_175' title='bbox 1176 2231 1355 2275; x_wconf 82' lang='lat' dir='ltr'>eaeque</span> 
     </span>
     <span class='ocr_line' id='line_1_28' title="bbox 96 2287 1357 2349; baseline 0.003 -20"><span class='ocrx_word' id='word_1_176' title='bbox 96 2287 185 2330; x_wconf 75' lang='lat' dir='ltr'>sint</span> <span class='ocrx_word' id='word_1_177' title='bbox 220 2288 310 2332; x_wconf 85' lang='lat' dir='ltr'>ima</span> <span class='ocrx_word' id='word_1_178' title='bbox 346 2290 634 2335; x_wconf 76' lang='lat' dir='ltr'>crailitudine</span> <span class='ocrx_word' id='word_1_179' title='bbox 674 2291 935 2335; x_wconf 83' lang='lat' dir='ltr'>altitudinis</span> <span class='ocrx_word' id='word_1_180' title='bbox 966 2302 1098 2349; x_wconf 86' lang='lat' dir='ltr'>parte</span> <span class='ocrx_word' id='word_1_181' title='bbox 1131 2289 1357 2348; x_wconf 83' lang='lat' dir='ltr'>septima,</span> 
     </span>
     <span class='ocr_line' id='line_1_29' title="bbox 94 2360 1352 2423; baseline 0.002 -19"><span class='ocrx_word' id='word_1_182' title='bbox 94 2360 297 2404; x_wconf 83' lang='lat' dir='ltr'>altitudo</span> <span class='ocrx_word' id='word_1_183' title='bbox 322 2363 454 2407; x_wconf 79' lang='lat' dir='ltr'>tertia</span> <span class='ocrx_word' id='word_1_184' title='bbox 482 2376 610 2423; x_wconf 80' lang='lat' dir='ltr'>parte</span> <span class='ocrx_word' id='word_1_185' title='bbox 639 2366 893 2410; x_wconf 81' lang='lat' dir='ltr'>latitudinis</span> <span class='ocrx_word' id='word_1_186' title='bbox 920 2366 1084 2423; x_wconf 83' lang='lat' dir='ltr'>templi</span> <span class='ocrx_word' id='word_1_187' title='bbox 1102 2399 1114 2419; x_wconf 86' lang='lat'>,</span> <span class='ocrx_word' id='word_1_188' title='bbox 1151 2364 1352 2408; x_wconf 79' lang='lat' dir='ltr'>summa-</span> 
     </span>
     <span class='ocr_line' id='line_1_30' title="bbox 94 2435 1352 2496; baseline 0.002 -19"><span class='ocrx_word' id='word_1_189' title='bbox 94 2449 191 2492; x_wconf 88' lang='lat' dir='ltr'>que</span> <span class='ocrx_word' id='word_1_190' title='bbox 212 2435 434 2482; x_wconf 84' lang='lat' dir='ltr'>columna</span> <span class='ocrx_word' id='word_1_191' title='bbox 451 2448 612 2495; x_wconf 85' lang='lat' dir='ltr'>quarta</span> <span class='ocrx_word' id='word_1_192' title='bbox 633 2450 762 2496; x_wconf 88' lang='lat' dir='ltr'>parte</span> <span class='ocrx_word' id='word_1_193' title='bbox 785 2437 1080 2483; x_wconf 84' lang='lat' dir='ltr'>crassitudinis</span> <span class='ocrx_word' id='word_1_194' title='bbox 1098 2436 1216 2480; x_wconf 85' lang='lat' dir='ltr'>imae</span> <span class='ocrx_word' id='word_1_195' title='bbox 1239 2451 1352 2481; x_wconf 81' lang='lat' dir='ltr'>con-</span> 
     </span>
     <span class='ocr_line' id='line_1_31' title="bbox 92 2508 1351 2572; baseline 0.002 -20"><span class='ocrx_word' id='word_1_196' title='bbox 92 2508 313 2556; x_wconf 79' lang='lat' dir='ltr'>trahatur.</span> <span class='ocrx_word' id='word_1_197' title='bbox 352 2508 509 2570; x_wconf 84' lang='lat' dir='ltr'>Spirae</span> <span class='ocrx_word' id='word_1_198' title='bbox 536 2527 694 2560; x_wconf 82' lang='lat' dir='ltr'>earum</span> <span class='ocrx_word' id='word_1_199' title='bbox 716 2513 833 2560; x_wconf 82' lang='lat' dir='ltr'>altae</span> <span class='ocrx_word' id='word_1_200' title='bbox 863 2510 1056 2559; x_wconf 83' lang='lat' dir='ltr'>dimidia</span> <span class='ocrx_word' id='word_1_201' title='bbox 1081 2522 1211 2572; x_wconf 82' lang='lat' dir='ltr'>parte</span> <span class='ocrx_word' id='word_1_202' title='bbox 1231 2508 1351 2557; x_wconf 83' lang='lat' dir='ltr'>cras-</span> 
     </span>
    </p>
   </div>
  </div>
 </body>
</html>
