1600 2902
261 139 352 201 316
505 134 572 184 M.
610 135 900 184 VITRUVII
940 139 1275 188 POLLIONIS

261 242 671 303 quemadmodum
691 240 854 299 vestis,
887 261 995 290 cum
1018 246 1080 290 est
1110 248 1409 310 longitudine
1432 264 1517 309 pe-

261 316 379 359 dum
411 328 635 374 quatuor,
674 317 811 375 quod
856 333 974 361 onus
1012 330 1212 377 quatuor
1247 321 1523 366 hominibus

261 388 527 441 extollitur,
556 388 618 444 is,
650 389 681 432 fi
713 389 774 432 est
797 389 975 449 pedum
1007 387 1138 446 ocio,
1161 409 1185 436 a
1217 392 1403 437 duobus
1427 393 1521 436 ele-

258 470 420 505 vatur:
449 461 619 505 eodem
650 462 800 506 modo
819 462 999 507 brachia
1018 497 1030 518 ,
1053 480 1151 522 quo
1171 465 1377 527 longiora
1391 466 1519 522 funt,

259 531 474 590 mollius,
508 549 605 593 quo
638 533 880 590 breviora,
911 534 1073 580 durius
1104 536 1355 581 ducuntur.

591 646 926 694 CAPUT
992 648 1192 694 XVI.

577 727 648 772 De
683 727 927 787 balistarum
961 730 1205 774 rationibus.

326 822 677 883 Catapultarum
719 823 950 879 rationes,
991 841 1049 870 ex
1086 825 1261 884 quibus
1295 824 1524 870 membris

259 897 301 944 Sc
335 896 633 956 portionibus
670 908 1046 957 componantur,
1080 898 1191 943 dixi.
1256 898 1522 943 Balistarum

257 981 415 1014 autem
445 969 645 1014 rationes
675 969 822 1014 variae
849 969 958 1015 sunt
985 970 1026 1016 8c
1056 970 1345 1025 differentes,
1377 969 1522 1014 unius

259 1037 444 1085 effecius
479 1040 606 1085 causa
639 1050 944 1099 comparatae.
987 1039 1116 1086 Aliae
1147 1043 1273 1086 enim
1308 1037 1521 1085 vectibus

257 1113 299 1159 Sc
332 1111 524 1167 suculis,
560 1112 817 1156 nonnullae
851 1112 1145 1172 polyspastis,
1182 1113 1294 1157 aliae
1330 1112 1520 1174 agatis,

257 1185 489 1246 quaedam
522 1185 660 1229 etiam
691 1195 1025 1245 tympanorum
1065 1196 1348 1245 torquentur
1379 1184 1520 1230 ratio-

256 1260 405 1304 nibus.
453 1257 546 1302 Sed
594 1269 751 1302 tamen
789 1259 918 1303 nulla
948 1259 1104 1304 balista
1139 1259 1401 1320 perficitur,
1434 1256 1520 1301 nist

256 1331 315 1376 ad
359 1331 643 1391 propositam
692 1332 1070 1394 magnitudinem
1118 1333 1338 1393 ponderis
1397 1330 1520 1385 saxi,

256 1406 390 1464 quod
427 1406 474 1449 id
511 1423 736 1468 organum
771 1407 958 1451 mittere
994 1406 1146 1452 debet.
1185 1407 1329 1468 Igitur
1354 1405 1413 1450 de
1447 1421 1519 1448 ra-

257 1478 387 1521 tione
412 1493 570 1521 earum
606 1494 704 1522 non
741 1478 802 1522 est
843 1478 1065 1523 omnibus
1098 1477 1401 1537 expeditum,
1432 1476 1516 1520 nis}

257 1550 340 1608 quii
364 1549 660 1594 arithmeticis
682 1536 938 1594 rationibus
965 1566 1185 1594 numeros
1212 1550 1252 1595 Sc
1283 1549 1516 1608 multipli-

257 1622 458 1667 cationes
487 1623 662 1668 habent
686 1634 830 1667 notas.
872 1622 1096 1682 Namque
1132 1623 1253 1668 fiunt
1281 1624 1327 1668 in
1353 1623 1520 1682 capiti--

255 1696 342 1741 bus
377 1693 631 1749 foramina,
666 1710 747 1754 per
781 1710 989 1753 quorum
1032 1694 1172 1753 spatia
1215 1694 1519 1740 contendun-

255 1779 364 1822 tur,
394 1766 562 1825 capillo
595 1766 799 1810 maxime
845 1767 1092 1822 muliebri,
1127 1768 1201 1811 vel
1236 1784 1409 1822 nervo,
1445 1766 1519 1811 fu-

256 1854 360 1891 ne5‚
395 1838 476 1895 qui
513 1836 836 1898 magnitudine
875 1836 1096 1896 ponderis
1138 1838 1326 1897 lapidis,
1369 1853 1517 1896 quem

257 1910 401 1954 debet
438 1925 488 1953 ea
529 1908 685 1953 balista
723 1910 943 1966 mittere,
981 1925 1039 1953 ex
1073 1909 1249 1954 ratione
1287 1909 1519 1971 gravitatis

257 1980 565 2042 proportione
608 1981 888 2037 sumuntur,
934 1980 1346 2040 quemadmodum
1394 1992 1517 2025 cata-

257 2053 399 2114 pultis
431 2052 489 2096 de
528 2052 904 2114 longitudinibus
941 2052 1220 2115 sagittarum.
1270 2054 1434 2112 Itaque
1461 2062 1517 2097 ut

260 2127 399 2171 etiarn
437 2127 521 2185 qui
556 2127 835 2188 geometriae
875 2125 1285 2186 arithmeticaeque
1318 2127 1519 2171 rationes

258 2216 357 2245 non
389 2201 634 2256 noverint,
665 2200 866 2244 habeant
895 2200 1172 2260 expeditum
1191 2234 1203 2255 ,
1226 2216 1287 2245 ne
1317 2201 1364 2244 in
1394 2200 1516 2261 peri-

259 2275 369 2318 culo
401 2273 570 2317 bellico
613 2272 976 2335 cogitationibus
1021 2271 1347 2327 detineantur3
1391 2286 1516 2330 quae

256 2348 353 2406 ipse
384 2347 599 2392 faciendo
626 2357 748 2392 certa
786 2347 986 2409 cognovi
1010 2380 1023 2403 ,
1053 2363 1269 2406 quaeque
1298 2363 1358 2391 ex
1384 2354 1516 2405 parte
1545 2366 1550 2370 ·

256 2420 413 2479 accepi
458 2436 485 2465 a
530 2420 911 2482 praeceptoribus
960 2420 1120 2477 finita,
1165 2434 1432 2480 exponam:
1470 2416 1514 2464 8c
