1600 2902
267 150 343 204 356
575 147 1208 191 ARCHITECTURAE

263 250 348 290 rina
375 258 528 287 tantum
559 258 825 301 procreatur,
861 259 964 299 quae
992 246 1148 288 Graece
1179 248 1399 288 Theodote
1433 246 1535 287 dici-

265 322 356 359 tur,
396 324 418 350 a
451 310 670 349 Theodoto
703 310 902 362 quodam,
947 310 986 348 in
1021 311 1134 350 cuius
1169 311 1253 351 solo
1281 312 1449 364 primum
1483 309 1538 349 est

267 374 449 414 inventa.
476 375 823 426 Auripigmentum
839 403 850 421 ‚
865 373 973 425 quod
994 373 1204 412 arsenicon
1222 372 1376 413 Graece
1394 372 1534 427 appel-

267 434 375 474 latur
391 465 402 484 ,
431 436 468 473 in
489 435 616 475 Ponto
638 435 822 475 nascitur.
851 435 1075 475 sandaraca
1101 435 1280 488 plurimis
1302 435 1400 475 locis
1421 447 1540 488 gene-

264 508 402 545 ratur,
426 496 488 537 sed
505 499 657 549 optima
679 499 716 536 in
747 498 899 545 Ponto,
928 498 969 538 δι.
987 500 1097 537 iuxta
1113 497 1260 545 flumen
1288 498 1534 550 Hypanium.

266 563 385 602 Minii
414 574 547 603 autem
567 574 707 603 natura
734 565 902 616 primum
931 578 953 602 a
975 563 1140 604 Graecis
1171 561 1426 616 Ephesiorum
1451 560 1536 600 solo

267 635 425 675 reperta
448 637 720 673 memoratur;
743 626 926 680 deinceps
950 627 989 665 in
1016 626 1230 679 Hispania:
1255 625 1369 664 cuius
1396 634 1538 663 natura

267 686 340 725 has
364 685 647 726 admirationes
677 687 808 727 habet.
841 688 993 728 Glebae
1020 689 1153 742 itaque
1184 701 1273 728 cum
1305 700 1353 727 ex
1374 686 1537 726 metallis

268 748 436 802 primum
460 749 886 803 exciduntur‚argenti
908 752 994 790 vivi
1016 763 1148 803 guttas
1170 751 1423 804 exprimunt,
1439 763 1537 802 quas

266 810 438 851 artifices
463 813 511 850 ad
540 812 673 864 plures
704 812 797 852 usus
836 812 1042 866 colligunt.
1085 814 1230 865 Neque
1254 813 1357 851 enim
1393 824 1540 863 argen-

266 884 351 913 tum
370 905 381 921 ‚
412 886 542 926 neque
567 887 634 914 aes
662 875 742 914 fine
769 875 826 914 his
851 876 1022 915 inaurari
1056 874 1198 929 potest.
1246 875 1325 914 Eae
1349 872 1538 913 confusae

264 936 306 975 in
341 949 462 976 unum
503 938 584 985 ita,
626 949 671 977 ut
703 949 876 991 quatuor
912 937 1173 977 sextariorum
1213 936 1434 977 mensuram
1464 935 1537 973 ha-

264 993 406 1040 beant,
437 1009 596 1037 centum
625 999 811 1039 librarum
841 1000 999 1051 pondus
1025 999 1212 1038 efficient.
1265 997 1390 1050 Supra
1423 997 1537 1035 cuius

264 1056 461 1109 liquorem
493 1061 766 1100 centenarium
804 1061 883 1100 saxi
922 1061 1079 1114 pondus
1115 1061 1141 1099 sl
1178 1060 1387 1114 posueris,
1420 1058 1537 1097 susti-

264 1122 386 1159 nebit.
424 1122 662 1172 scrupulum
694 1124 780 1163 auri
808 1123 924 1177 super
954 1123 981 1162 fi
1011 1123 1220 1178 posueris,
1264 1124 1303 1161 in
1336 1122 1535 1174 liquorem

264 1181 482 1223 descendit.
526 1185 641 1225 Unde
671 1185 866 1238 intelliges
887 1216 899 1233 ,
943 1198 1023 1225 non
1059 1185 1245 1238 ponderis
1278 1183 1341 1222 sed
1372 1194 1538 1222 naturae

264 1242 341 1282 effe
369 1245 666 1286 discretionem.
714 1246 857 1299 Itaque
902 1246 930 1286 fi
970 1245 1125 1285 aurifex
1159 1245 1296 1300 pannis
1335 1245 1538 1284 textilibus

266 1306 462 1347 intextum
500 1323 639 1349 aurum
668 1311 842 1350 eximere
871 1310 957 1350 vult
980 1341 992 1359 ,
1034 1311 1074 1350 in
1103 1311 1191 1350 rudi
1219 1309 1313 1349 vase
1347 1309 1453 1349 fictili
1487 1309 1533 1347 acl

264 1369 454 1421 pulveres
490 1372 650 1411 exurit:
687 1373 779 1411 inde
818 1373 1004 1425 pulveres
1040 1373 1147 1426 prius
1186 1373 1356 1420 laverit,
1400 1371 1534 1425 postea

264 1431 430 1469 mixtum
450 1444 616 1484 argento
641 1434 762 1481 vivo,
795 1434 859 1471 vel
888 1435 926 1471 in
948 1447 1082 1486 panno
1100 1435 1166 1473 vel
1187 1435 1226 1473 in
1244 1433 1409 1473 linteolo
1429 1445 1536 1472 con-2-

263 1492 426 1544 primit,
457 1505 501 1531 ut
533 1494 667 1543 liquor
698 1495 849 1545 argenti
879 1493 1078 1546 expressus
1105 1506 1288 1542 emanet,
1323 1496 1364 1533 δε
1391 1507 1532 1533 aurum

261 1551 425 1591 solidum
455 1554 687 1594 intrinsecus
712 1566 927 1594 remaneat.
975 1555 1126 1596 Verum
1149 1557 1334 1608 probatio
1353 1557 1462 1595 minii
1482 1556 1535 1597 fic

262 1617 339 1655 erit
372 1616 629 1657 observanda.
681 1617 728 1655 In
761 1618 904 1656 lamina
934 1617 1061 1657 ferrea
1092 1618 1300 1666 mittatur,
1338 1619 1380 1659 &
1420 1618 1536 1672 super

260 1679 392 1732 ignem
422 1691 597 1732 ponatur
622 1679 799 1727 tamdiu,
833 1680 963 1719 donec
991 1679 1135 1719 lamina
1171 1679 1367 1719 rubescat,
1414 1679 1534 1718 Tunc

261 1739 474 1781 retraetum
502 1739 745 1792 refrigescat,
777 1740 815 1779 Si
841 1740 1021 1779 colorem
1050 1753 1130 1779 non
1162 1741 1403 1789 mutaverit,
1434 1742 1538 1794 opti·

263 1817 372 1843 mum
399 1804 499 1851 erit3
529 1802 557 1841 st
585 1803 821 1852 mutaverit,
865 1804 1050 1843 vitiatum
1084 1803 1170 1842 erit.
1200 1802 1372 1842 Colores
1400 1815 1535 1842 autem

261 1878 402 1906 omnes
430 1866 546 1905 calcis
578 1866 773 1904 mixtione
797 1866 997 1916 corrumpi
1022 1864 1271 1905 manifestum
1299 1864 1367 1903 est.
1399 1864 1540 1914 Chry-

261 1928 411 1967 socolla
437 1940 459 1966 a
487 1927 727 1966 Macedonia
760 1929 900 1966 venit:
934 1926 1086 1966 foditur
1111 1938 1244 1966 autem
1279 1939 1327 1965 ex
1366 1926 1534 1966 metallis

258 1991 434 2031 aerariis.
464 1991 708 2042 Argentum,
728 1991 767 2030 ὃ(
786 1989 969 2030 Indicum
988 1990 1037 2027 ab
1061 1989 1150 2042 ipfis
1168 1987 1390 2027 ostenditur
1407 2019 1419 2036 ,
1438 1989 1532 2041 qui-

257 2052 334 2091 bus
360 2053 399 2091 in
432 2052 531 2091 locis
560 2051 746 2091 nascitur.
814 2051 1035 2090 Atramenti
1074 2062 1174 2088 vero
1208 2049 1450 2101 compofitio
1479 2048 1533 2087 fic

258 2116 336 2155 erit
358 2114 632 2162 observanda,
663 2126 766 2166 quae
789 2125 868 2151 non
901 2112 1024 2151 solum
1057 2113 1105 2151 ad
1128 2111 1238 2152 usum
1272 2111 1445 2165 picturae
1465 2123 1533 2149 ne-

258 2174 419 2216 cessaria
439 2177 602 2215 videtur
619 2208 629 2225 ‚
658 2175 724 2214 sed
743 2176 860 2215 etiam
891 2176 939 2214 ad
958 2175 1178 2215 cotidianas
1199 2173 1423 2227 scripturas.
1455 2173 1532 2212 La-

261 2239 444 2279 cusculus
462 2251 587 2278 curva
611 2250 765 2277 camera
785 2237 981 2277 struatur:
1006 2237 1100 2278 huic
1123 2236 1328 2276 fornacula
1347 2235 1399 2276 fic
1424 2251 1532 2276 com-

262 2304 446 2357 ponitur,
474 2314 519 2342 ut
549 2313 662 2341 nares
689 2301 726 2339 in
753 2299 952 2339 lacusculo
981 2300 1147 2346 habeat,
1175 2312 1252 2352 qua
1283 2298 1417 2338 fumus
1439 2297 1531 2351 pos-

263 2365 312 2405 s1t
340 2366 499 2404 intrare.
531 2363 692 2401 Taedae
720 2363 757 2401 in
785 2362 923 2402 eadem
957 2361 1123 2401 fornace
1145 2361 1428 2400 incendantur:
1464 2359 1529 2398 su·-

264 2439 335 2481 per
363 2427 499 2469 taedas
524 2425 708 2468 ardentes
731 2423 856 2467 resina
881 2426 1083 2475 mittatur,
1117 2436 1162 2465 ut
1189 2436 1348 2465 omnem
1376 2423 1527 2463 fumum
