1600 2902
255 229 317 274 44
497 215 564 261 M.
600 210 892 262 vrrRuvn
925 216 1265 265 Pomouis

258 323 375 368 circa
405 332 552 368 totam
590 322 864 385 Aegyptum
906 323 1253 382 frumentarios,
1298 327 1513 372 immanis

256 395 463 440 fluminis
508 395 599 440 Nili
640 413 824 459 magnas
854 398 1099 455 utilitates,
1137 400 1256 444 iuffit
1286 416 1396 445 eum
1429 399 1512 445 suo

255 466 451 513 nomine
481 467 714 513 civitatem
747 467 1075 515 Alexandriam
1104 472 1389 518 constituere.
1424 472 1516 517 Ita-

256 557 352 600 que
388 541 683 598 Dinocrates,
738 558 762 586 a
803 541 915 587 facie
951 542 1266 604 dignitateque
1309 545 1515 605 corporis

257 615 643 670 commendatus,
696 616 757 660 ad
799 631 901 661 eam·
950 616 1243 662 nobilitatem
1281 619 1514 678 pervenit.

256 685 375 730 Mihi
407 698 593 743 autem,
636 687 927 747 Imperator,
959 687 1175 732 staturam
1207 704 1306 733 non
1346 689 1513 734 trib-uit

255 769 441 812 natura,
481 759 644 804 faciem
674 759 953 804 deformavit
984 770 1124 816 aetas,
1173 761 1392 806 valetudo
1431 762 1515 806 de·

255 830 397 875 traxit
437 832 564 876 vires.
618 832 786 892 Itaque
823 832 1050 892 quoniam
1089 833 1146 878 ab
1186 834 1253 878 his
1287 834 1514 894 praesidiis

253 900 358 945 sum
392 900 618 960 desertus,
660 919 745 963 per
771 904 939 949 auxilia
966 904 1178 949 scientiae
1198 938 1211 960 ,
1249 904 1513 965 scriptaque

255 975 348 1031 (ut
386 973 556 1036 spero)
602 977 870 1037 perveniam
919 977 977 1022 ad
1027 978 1511 1024 commendationem.

256 1046 380 1091 Cum
418 1057 576 1093 autem
606 1049 655 1093 in
690 1049 842 1109 primo
873 1050 1116 1094 volumine
1152 1049 1218 1094 de>
1249 1051 1399 1095 officio
1442 1067 1514 1095 ar-

256 1115 563 1176 chitecfflurae,
626 1121 1129 1180 terminationibusque
1176 1123 1280 1166 artis
1326 1122 1515 1183 perscri-

257 1192 423 1252 pserim
439 1227 452 1248 ,
473 1194 586 1238 item
606 1194 664 1238 de
682 1194 930 1239 moenibus
944 1228 957 1250 ,
976 1195 1016 1240 86
1037 1194 1151 1240 intra
1176 1196 1360 1239 moenia
1384 1212 1514 1240 area·

256 1262 362 1308 rum
392 1265 720 1322 divisionibus,
754 1266 1117 1326 insequaturque
1150 1266 1266 1311 ordo
1298 1266 1358 1312 de
1388 1267 1513 1312 aedi·

258 1336 347 1381 bus
366 1337 490 1382 sacris
508 1338 548 1383 8<
569 1339 769 1399 publicis
795 1339 1034 1394 aedificiis,
1062 1339 1273 1398 itemque
1299 1341 1511 1400 privatis,

255 1406 429 1465 quibus
478 1409 863 1469 proportionibus
911 1410 951 1454 86
994 1409 1268 1470 symmetriis
1311 1409 1513 1455 debeant

258 1481 375 1538 else,
413 1482 481 1527 uti
522 1485 781 1543 explicetur
805 1517 818 1538 ,
862 1498 959 1527 non
994 1483 1155 1541 putavi
1195 1494 1302 1527 ante
1330 1498 1511 1542 ponen-

257 1554 400 1610 dum,
446 1557 526 1600 nifi
559 1558 683 1615 prius
722 1557 780 1600 de
817 1555 1032 1600 materiae
1066 1554 1231 1614 copiis,
1274 1571 1303 1598 e
1333 1555 1509 1614 quibus

257 1628 431 1671 collatis
478 1629 681 1673 aedificia
724 1624 953 1672 §trudi-uris
990 1627 1030 1671 86
1064 1628 1281 1671 materiae
1319 1627 1509 1671 rationi-

257 1698 346 1742 bus
377 1700 711 1758 perficiuntur,
746 1716 855 1759 quas
888 1699 1089 1744 habeant
1118 1699 1165 1742 in
1201 1698 1285 1743 usu
1316 1698 1508 1742 virtutes

255 1772 558 1831 exposuiffem
574 1807 586 1829 ,
608 1774 874 1833 quibusque
897 1789 1051 1818 rerum
1085 1783 1245 1816 natura
1271 1770 1507 1831 principiis

256 1844 362 1890 esset
402 1859 680 1906 temperata,
716 1846 935 1892 dixiffem.
972 1847 1064 1891 Sed
1092 1858 1342 1904 antequam
1373 1856 1507 1889 natu-

256 1918 368 1960 rales
398 1934 464 1962 res
483 1919 698 1978 incipiam
730 1919 980 1979 explicare,
1008 1919 1067 1962 de
1098 1917 1417 1962 aedificiorum·
1438 1933 1505 1961 ra-

255 1989 486 2044 tionibus,
518 1990 642 2035 unde
675 1991 802 2035 initia
835 1991 1069 2050 ceperint,
1101 1990 1142 2034 86
1172 1989 1240 2032 uti
1280 1990 1508 2034 creverint

256 2078 421 2105 eorum
472 2063 793 2118 inventiones,
834 2075 942 2107 ante
978 2078 1178 2121 ponam:
1213 2060 1253 2105 86
1293 2060 1507 2119 insequar

253 2133 468 2196 ingressus
492 2134 777 2194 antiquitatis
810 2151 963 2180 rerum
999 2145 1210 2188 naturae,
1248 2132 1288 2177 86
1316 2148 1507 2188 eorum,

254 2207 340 2266 qui
382 2207 509 2251 initia
547 2206 839 2251 humanitatis
882 2206 922 2250 86
954 2206 1244 2250 inventiones
1284 2203 1504 2268 perquisi-

253 2292 356 2335 tas,
403 2281 678 2341 scriptorum
709 2280 962 2340 praeceptis
1005 2279 1346 2323 dedicaverunt.
1412 2276 1502 2318 Ita-

254 2371 374 2412 que,
410 2355 815 2414 quemadmodum
834 2354 892 2400 ab
916 2355 985 2400 his
1013 2354 1115 2400 sum
1144 2353 1400 2407 institutus,
1426 2365 1503 2394 exo

254 2442 445 2485 ponam0
503 2441 507 2446 ‘
