<?xml version="1.0" encoding="UTF-8"?>
<!DOCTYPE html PUBLIC "-//W3C//DTD XHTML 1.0 Transitional//EN"
    "http://www.w3.org/TR/xhtml1/DTD/xhtml1-transitional.dtd">
<html xmlns="http://www.w3.org/1999/xhtml" xml:lang="en" lang="en">
 <head>
  <title>
</title>
<meta http-equiv="Content-Type" content="text/html;charset=utf-8" />
  <meta name='ocr-system' content='tesseract 3.04.00' />
  <meta name='ocr-capabilities' content='ocr_page ocr_carea ocr_par ocr_line ocrx_word'/>
</head>
<body>
  <div class='ocr_page' id='page_1' title='image "./mvitruviipollion00vitr/mvitruviipollion00vitr_0390.png"; bbox 0 0 1600 2902; ppageno 0'>
   <div class='ocr_carea' id='block_1_1' title="bbox 255 151 1272 226">
    <p class='ocr_par' dir='ltr' id='par_1_1' title="bbox 255 151 1272 226">
     <span class='ocr_line' id='line_1_1' title="bbox 255 151 1272 226; baseline -0.002 -18"><span class='ocrx_word' id='word_1_1' title='bbox 255 176 346 226; x_wconf 77' lang='lat'>322</span> <span class='ocrx_word' id='word_1_2' title='bbox 498 156 568 205; x_wconf 84' lang='lat' dir='ltr'>M.</span> <span class='ocrx_word' id='word_1_3' title='bbox 602 157 649 206; x_wconf 86' lang='lat' dir='ltr'>V</span> <span class='ocrx_word' id='word_1_4' title='bbox 653 151 898 204; x_wconf 88' lang='lat' dir='ltr'><strong>ITRUVII</strong></span> <span class='ocrx_word' id='word_1_5' title='bbox 932 157 1215 208; x_wconf 86' lang='lat' dir='ltr'>POLLION</span> <span class='ocrx_word' id='word_1_6' title='bbox 1220 157 1272 207; x_wconf 90' lang='lat' dir='ltr'>IS</span> 
     </span>
    </p>
   </div>
   <div class='ocr_carea' id='block_1_2' title="bbox 253 266 1533 2507">
    <p class='ocr_par' dir='ltr' id='par_1_2' title="bbox 253 266 1533 2507">
     <span class='ocr_line' id='line_1_2' title="bbox 257 266 1524 330; baseline -0.001 -16"><span class='ocrx_word' id='word_1_7' title='bbox 257 287 351 330; x_wconf 85' lang='lat' dir='ltr'>qua</span> <span class='ocrx_word' id='word_1_8' title='bbox 376 268 436 313; x_wconf 87' lang='lat' dir='ltr'>ad</span> <span class='ocrx_word' id='word_1_9' title='bbox 461 285 652 313; x_wconf 91' lang='lat' dir='ltr'>murum</span> <span class='ocrx_word' id='word_1_10' title='bbox 674 270 818 329; x_wconf 86' lang='lat' dir='ltr'>plano</span> <span class='ocrx_word' id='word_1_11' title='bbox 850 266 973 328; x_wconf 87' lang='lat' dir='ltr'>pede</span> <span class='ocrx_word' id='word_1_12' title='bbox 1001 270 1214 315; x_wconf 80' lang='lat' dir='ltr'>transitus</span> <span class='ocrx_word' id='word_1_13' title='bbox 1236 269 1320 315; x_wconf 82' lang='lat' dir='ltr'>effe</span> <span class='ocrx_word' id='word_1_14' title='bbox 1349 266 1495 329; x_wconf 79' lang='lat' dir='ltr'>poss&#39;et</span> <span class='ocrx_word' id='word_1_15' title='bbox 1511 300 1524 323; x_wconf 84' lang='lat'><strong>‚</strong></span> 
     </span>
     <span class='ocr_line' id='line_1_3' title="bbox 256 339 1523 399; baseline -0.003 -12"><span class='ocrx_word' id='word_1_16' title='bbox 256 343 298 388; x_wconf 73' lang='lat' dir='ltr'>Sc</span> <span class='ocrx_word' id='word_1_17' title='bbox 329 342 468 386; x_wconf 88' lang='lat' dir='ltr'>etiam</span> <span class='ocrx_word' id='word_1_18' title='bbox 504 356 703 385; x_wconf 85' lang='lat' dir='ltr'>corvum</span> <span class='ocrx_word' id='word_1_19' title='bbox 735 340 1095 395; x_wconf 77' lang='lat' dir='ltr'>demolitorem,</span> <span class='ocrx_word' id='word_1_20' title='bbox 1128 357 1271 399; x_wconf 89' lang='lat' dir='ltr'>quem</span> <span class='ocrx_word' id='word_1_21' title='bbox 1302 339 1523 386; x_wconf 77' lang='lat' dir='ltr'>nonnulli</span> 
     </span>
     <span class='ocr_line' id='line_1_4' title="bbox 255 412 1529 476; baseline -0.002 -18"><span class='ocrx_word' id='word_1_22' title='bbox 255 430 419 476; x_wconf 76' lang='lat' dir='ltr'>gruem</span> <span class='ocrx_word' id='word_1_23' title='bbox 439 412 691 473; x_wconf 88' lang='lat' dir='ltr'>appellant.</span> <span class='ocrx_word' id='word_1_24' title='bbox 723 413 837 458; x_wconf 86' lang='lat' dir='ltr'>Non</span> <span class='ocrx_word' id='word_1_25' title='bbox 858 413 1013 457; x_wconf 83' lang='lat' dir='ltr'>minus</span> <span class='ocrx_word' id='word_1_26' title='bbox 1032 413 1247 458; x_wconf 81' lang='lat' dir='ltr'>utebatur</span> <span class='ocrx_word' id='word_1_27' title='bbox 1266 415 1404 458; x_wconf 84' lang='lat' dir='ltr'>ariete</span> <span class='ocrx_word' id='word_1_28' title='bbox 1422 412 1529 457; x_wconf 90' lang='lat' dir='ltr'>sub-</span> 
     </span>
     <span class='ocr_line' id='line_1_5' title="bbox 258 480 1525 541; baseline -0.004 -11"><span class='ocrx_word' id='word_1_29' title='bbox 258 496 439 540; x_wconf 79' lang='lat' dir='ltr'>rotato‚</span> <span class='ocrx_word' id='word_1_30' title='bbox 466 484 596 529; x_wconf 88' lang='lat' dir='ltr'>cuius</span> <span class='ocrx_word' id='word_1_31' title='bbox 624 483 821 528; x_wconf 85' lang='lat' dir='ltr'>rationes</span> <span class='ocrx_word' id='word_1_32' title='bbox 856 481 1039 541; x_wconf 82' lang='lat' dir='ltr'>scriptas</span> <span class='ocrx_word' id='word_1_33' title='bbox 1074 480 1278 541; x_wconf 85' lang='lat' dir='ltr'>reliquit.</span> <span class='ocrx_word' id='word_1_34' title='bbox 1321 483 1525 527; x_wconf 78' lang='lat' dir='ltr'>Turrem</span> 
     </span>
     <span class='ocr_line' id='line_1_6' title="bbox 258 552 1527 613; baseline -0.002 -12"><span class='ocrx_word' id='word_1_35' title='bbox 258 568 419 601; x_wconf 86' lang='lat' dir='ltr'>autem</span> <span class='ocrx_word' id='word_1_36' title='bbox 453 556 700 600; x_wconf 80' lang='lat' dir='ltr'>minimam</span> <span class='ocrx_word' id='word_1_37' title='bbox 731 555 796 598; x_wconf 89' lang='lat' dir='ltr'>ait</span> <span class='ocrx_word' id='word_1_38' title='bbox 820 566 1038 613; x_wconf 80' lang='lat' dir='ltr'>oportere</span> <span class='ocrx_word' id='word_1_39' title='bbox 1066 552 1163 597; x_wconf 88' lang='lat' dir='ltr'>fieri</span> <span class='ocrx_word' id='word_1_40' title='bbox 1191 569 1252 599; x_wconf 89' lang='lat' dir='ltr'>ne</span> <span class='ocrx_word' id='word_1_41' title='bbox 1288 555 1438 600; x_wconf 84' lang='lat' dir='ltr'>minus</span> <span class='ocrx_word' id='word_1_42' title='bbox 1464 555 1527 598; x_wconf 84' lang='lat' dir='ltr'>al-</span> 
     </span>
     <span class='ocr_line' id='line_1_7' title="bbox 259 627 1530 673; baseline 0 0"><span class='ocrx_word' id='word_1_43' title='bbox 259 640 357 673; x_wconf 83' lang='lat' dir='ltr'>tam</span> <span class='ocrx_word' id='word_1_44' title='bbox 389 628 663 673; x_wconf 88' lang='lat' dir='ltr'>cubitorum</span> <span class='ocrx_word' id='word_1_45' title='bbox 698 640 773 672; x_wconf 74' lang='lat' dir='ltr'>LX,</span> <span class='ocrx_word' id='word_1_46' title='bbox 817 627 1118 673; x_wconf 81' lang='lat' dir='ltr'>latitudinem</span> <span class='ocrx_word' id='word_1_47' title='bbox 1151 640 1281 673; x_wconf 80' lang='lat' dir='ltr'><strong>XVII.</strong></span> <span class='ocrx_word' id='word_1_48' title='bbox 1334 629 1530 673; x_wconf 80' lang='lat' dir='ltr'>Contra·</span> 
     </span>
     <span class='ocr_line' id='line_1_8' title="bbox 253 698 1528 760; baseline -0.002 -13"><span class='ocrx_word' id='word_1_49' title='bbox 253 698 434 747; x_wconf 64' lang='lat' dir='ltr'>&amp;uram</span> <span class='ocrx_word' id='word_1_50' title='bbox 480 713 638 746; x_wconf 80' lang='lat' dir='ltr'>autem</span> <span class='ocrx_word' id='word_1_51' title='bbox 674 701 907 746; x_wconf 82' lang='lat' dir='ltr'>summam</span> <span class='ocrx_word' id='word_1_52' title='bbox 948 702 1068 745; x_wconf 88' lang='lat' dir='ltr'>imae</span> <span class='ocrx_word' id='word_1_53' title='bbox 1105 700 1245 760; x_wconf 85' lang='lat' dir='ltr'>partis</span> <span class='ocrx_word' id='word_1_54' title='bbox 1296 701 1528 759; x_wconf 83' lang='lat' dir='ltr'>quintam.</span> 
     </span>
     <span class='ocr_line' id='line_1_9' title="bbox 256 770 1528 829; baseline 0 -10"><span class='ocrx_word' id='word_1_55' title='bbox 256 770 508 819; x_wconf 67' lang='lat' dir='ltr'>Arrecflaria</span> <span class='ocrx_word' id='word_1_56' title='bbox 540 773 588 818; x_wconf 86' lang='lat' dir='ltr'>in</span> <span class='ocrx_word' id='word_1_57' title='bbox 622 775 756 818; x_wconf 88' lang='lat' dir='ltr'>turris</span> <span class='ocrx_word' id='word_1_58' title='bbox 789 774 887 819; x_wconf 88' lang='lat' dir='ltr'>imo</span> <span class='ocrx_word' id='word_1_59' title='bbox 918 773 1233 829; x_wconf 85' lang='lat' dir='ltr'>dodrantalia,</span> <span class='ocrx_word' id='word_1_60' title='bbox 1266 773 1314 818; x_wconf 85' lang='lat' dir='ltr'>in</span> <span class='ocrx_word' id='word_1_61' title='bbox 1341 773 1528 819; x_wconf 86' lang='lat' dir='ltr'>summo</span> 
     </span>
     <span class='ocr_line' id='line_1_10' title="bbox 255 846 1527 907; baseline -0.002 -15"><span class='ocrx_word' id='word_1_62' title='bbox 255 846 563 907; x_wconf 77' lang='lat' dir='ltr'>semipedalia.</span> <span class='ocrx_word' id='word_1_63' title='bbox 600 846 717 891; x_wconf 80' lang='lat' dir='ltr'>Fieri</span> <span class='ocrx_word' id='word_1_64' title='bbox 751 858 913 891; x_wconf 88' lang='lat' dir='ltr'>autem</span> <span class='ocrx_word' id='word_1_65' title='bbox 949 846 1013 891; x_wconf 84' lang='lat' dir='ltr'>ait</span> <span class='ocrx_word' id='word_1_66' title='bbox 1044 857 1261 907; x_wconf 83' lang='lat' dir='ltr'>oportere</span> <span class='ocrx_word' id='word_1_67' title='bbox 1295 863 1395 891; x_wconf 83' lang='lat' dir='ltr'>eam</span> <span class='ocrx_word' id='word_1_68' title='bbox 1423 857 1527 890; x_wconf 88' lang='lat' dir='ltr'>tur-</span> 
     </span>
     <span class='ocr_line' id='line_1_11' title="bbox 256 917 1527 981; baseline -0.001 -17"><span class='ocrx_word' id='word_1_69' title='bbox 256 936 356 964; x_wconf 83' lang='lat' dir='ltr'>rem</span> <span class='ocrx_word' id='word_1_70' title='bbox 375 918 697 963; x_wconf 74' lang='lat' dir='ltr'>tabulatorum</span> <span class='ocrx_word' id='word_1_71' title='bbox 728 917 914 974; x_wconf 80' lang='lat' dir='ltr'>decem,</span> <span class='ocrx_word' id='word_1_72' title='bbox 943 919 1127 981; x_wconf 78' lang='lat' dir='ltr'>singulis</span> <span class='ocrx_word' id='word_1_73' title='bbox 1156 918 1366 979; x_wconf 86' lang='lat' dir='ltr'>partibus</span> <span class='ocrx_word' id='word_1_74' title='bbox 1394 918 1443 962; x_wconf 88' lang='lat' dir='ltr'>in</span> <span class='ocrx_word' id='word_1_75' title='bbox 1475 935 1527 963; x_wconf 85' lang='lat' dir='ltr'>ea</span> 
     </span>
     <span class='ocr_line' id='line_1_12' title="bbox 258 990 1530 1037; baseline -0.002 0"><span class='ocrx_word' id='word_1_76' title='bbox 258 990 523 1037; x_wconf 82' lang='lat' dir='ltr'>fenestratis.</span> <span class='ocrx_word' id='word_1_77' title='bbox 564 990 793 1035; x_wconf 77' lang='lat' dir='ltr'>Maiorem</span> <span class='ocrx_word' id='word_1_78' title='bbox 826 1007 937 1036; x_wconf 85' lang='lat' dir='ltr'>vero</span> <span class='ocrx_word' id='word_1_79' title='bbox 969 1001 1148 1035; x_wconf 84' lang='lat' dir='ltr'>turrem</span> <span class='ocrx_word' id='word_1_80' title='bbox 1174 992 1314 1035; x_wconf 85' lang='lat' dir='ltr'>altam</span> <span class='ocrx_word' id='word_1_81' title='bbox 1341 990 1530 1035; x_wconf 90' lang='lat' dir='ltr'>cubito-</span> 
     </span>
     <span class='ocr_line' id='line_1_13' title="bbox 260 1063 1531 1122; baseline -0.001 -13"><span class='ocrx_word' id='word_1_82' title='bbox 260 1080 367 1110; x_wconf 90' lang='lat' dir='ltr'>rum</span> <span class='ocrx_word' id='word_1_83' title='bbox 405 1077 513 1108; x_wconf 72' lang='lat' dir='ltr'>CXX.</span> <span class='ocrx_word' id='word_1_84' title='bbox 543 1065 683 1108; x_wconf 86' lang='lat' dir='ltr'>latam</span> <span class='ocrx_word' id='word_1_85' title='bbox 718 1063 992 1108; x_wconf 89' lang='lat' dir='ltr'>cubitorum</span> <span class='ocrx_word' id='word_1_86' title='bbox 1026 1076 1166 1107; x_wconf 77' lang='lat' dir='ltr'><strong>XXIII.</strong></span> <span class='ocrx_word' id='word_1_87' title='bbox 1191 1075 1226 1108; x_wconf 88' lang='lat' dir='ltr'>S.</span> <span class='ocrx_word' id='word_1_88' title='bbox 1253 1065 1305 1122; x_wconf 84' lang='grc' dir='ltr'>&gt;ξ&lt;</span> <span class='ocrx_word' id='word_1_89' title='bbox 1347 1075 1531 1108; x_wconf 86' lang='lat' dir='ltr'>contra-</span> 
     </span>
     <span class='ocr_line' id='line_1_14' title="bbox 257 1133 1532 1196; baseline -0.001 -14"><span class='ocrx_word' id='word_1_90' title='bbox 257 1134 437 1182; x_wconf 65' lang='lat' dir='ltr'>&amp;uram</span> <span class='ocrx_word' id='word_1_91' title='bbox 465 1136 579 1180; x_wconf 87' lang='lat' dir='ltr'>item</span> <span class='ocrx_word' id='word_1_92' title='bbox 617 1136 849 1181; x_wconf 89' lang='lat' dir='ltr'>summam</span> <span class='ocrx_word' id='word_1_93' title='bbox 884 1137 1050 1196; x_wconf 83' lang='lat' dir='ltr'>quinta</span> <span class='ocrx_word' id='word_1_94' title='bbox 1090 1151 1220 1196; x_wconf 84' lang='lat' dir='ltr'>parte</span> <span class='ocrx_word' id='word_1_95' title='bbox 1256 1138 1308 1195; x_wconf 53' lang='grc' dir='ltr'>ἐς</span> <span class='ocrx_word' id='word_1_96' title='bbox 1344 1133 1532 1181; x_wconf 64' lang='grc' dir='ltr'>ειῑῑεξὶει·</span> 
     </span>
     <span class='ocr_line' id='line_1_15' title="bbox 258 1210 1531 1273; baseline -0.002 -15"><span class='ocrx_word' id='word_1_97' title='bbox 258 1214 323 1258; x_wconf 82' lang='lat' dir='ltr'>ria</span> <span class='ocrx_word' id='word_1_98' title='bbox 340 1211 523 1273; x_wconf 85' lang='lat' dir='ltr'>pedalia</span> <span class='ocrx_word' id='word_1_99' title='bbox 545 1210 592 1254; x_wconf 79' lang='lat' dir='ltr'>iu</span> <span class='ocrx_word' id='word_1_100' title='bbox 622 1211 745 1267; x_wconf 72' lang='lat' dir='ltr'>imo,</span> <span class='ocrx_word' id='word_1_101' title='bbox 766 1211 814 1255; x_wconf 87' lang='lat' dir='ltr'>in</span> <span class='ocrx_word' id='word_1_102' title='bbox 840 1211 1026 1256; x_wconf 89' lang='lat' dir='ltr'>summo</span> <span class='ocrx_word' id='word_1_103' title='bbox 1052 1211 1360 1272; x_wconf 74' lang='lat' dir='ltr'>semipedalia.</span> <span class='ocrx_word' id='word_1_104' title='bbox 1395 1212 1531 1256; x_wconf 85' lang='lat' dir='ltr'>Hanc</span> 
     </span>
     <span class='ocr_line' id='line_1_16' title="bbox 257 1283 1530 1348; baseline -0.003 -17"><span class='ocrx_word' id='word_1_105' title='bbox 257 1284 638 1348; x_wconf 81' lang='lat' dir='ltr'>magnitudinem</span> <span class='ocrx_word' id='word_1_106' title='bbox 675 1284 812 1329; x_wconf 87' lang='lat' dir='ltr'>turris</span> <span class='ocrx_word' id='word_1_107' title='bbox 847 1283 1044 1328; x_wconf 78' lang='lat' dir='ltr'>faciebat</span> <span class='ocrx_word' id='word_1_108' title='bbox 1078 1283 1400 1329; x_wconf 84' lang='lat' dir='ltr'>tabulatorum</span> <span class='ocrx_word' id='word_1_109' title='bbox 1449 1297 1530 1328; x_wconf 77' lang='lat' dir='ltr'>XX.</span> 
     </span>
     <span class='ocr_line' id='line_1_17' title="bbox 261 1355 1531 1419; baseline -0.003 -17"><span class='ocrx_word' id='word_1_110' title='bbox 261 1373 374 1402; x_wconf 88' lang='lat' dir='ltr'>cum</span> <span class='ocrx_word' id='word_1_111' title='bbox 398 1356 625 1400; x_wconf 83' lang='lat' dir='ltr'>haberent</span> <span class='ocrx_word' id='word_1_112' title='bbox 650 1355 823 1419; x_wconf 77' lang='lat' dir='ltr'>fingula</span> <span class='ocrx_word' id='word_1_113' title='bbox 859 1355 1066 1401; x_wconf 84' lang='lat' dir='ltr'>tabulata</span> <span class='ocrx_word' id='word_1_114' title='bbox 1091 1355 1415 1401; x_wconf 84' lang='lat' dir='ltr'>circuitionem</span> <span class='ocrx_word' id='word_1_115' title='bbox 1447 1370 1531 1399; x_wconf 86' lang='lat' dir='ltr'>cu-</span> 
     </span>
     <span class='ocr_line' id='line_1_18' title="bbox 259 1427 1528 1490; baseline -0.004 -15"><span class='ocrx_word' id='word_1_116' title='bbox 259 1432 473 1477; x_wconf 87' lang='lat' dir='ltr'>bitorum</span> <span class='ocrx_word' id='word_1_117' title='bbox 508 1441 699 1474; x_wconf 85' lang='lat' dir='ltr'>ternum</span> <span class='ocrx_word' id='word_1_118' title='bbox 727 1448 737 1473; x_wconf 77' lang='lat'>2</span> <span class='ocrx_word' id='word_1_119' title='bbox 786 1428 973 1490; x_wconf 77' lang='lat' dir='ltr'>tegebat</span> <span class='ocrx_word' id='word_1_120' title='bbox 999 1440 1159 1473; x_wconf 84' lang='lat' dir='ltr'>autem</span> <span class='ocrx_word' id='word_1_121' title='bbox 1193 1428 1326 1472; x_wconf 83' lang='lat' dir='ltr'>coriis</span> <span class='ocrx_word' id='word_1_122' title='bbox 1356 1427 1528 1483; x_wconf 69' lang='lat' dir='ltr'>crudis,</span> 
     </span>
     <span class='ocr_line' id='line_1_19' title="bbox 261 1500 1531 1560; baseline -0.002 -12"><span class='ocrx_word' id='word_1_123' title='bbox 261 1514 317 1548; x_wconf 86' lang='lat' dir='ltr'>ut</span> <span class='ocrx_word' id='word_1_124' title='bbox 343 1502 402 1546; x_wconf 86' lang='lat' dir='ltr'>ab</span> <span class='ocrx_word' id='word_1_125' title='bbox 440 1500 569 1546; x_wconf 87' lang='lat' dir='ltr'>omni</span> <span class='ocrx_word' id='word_1_126' title='bbox 603 1502 736 1560; x_wconf 71' lang='lat' dir='ltr'>plaga</span> <span class='ocrx_word' id='word_1_127' title='bbox 769 1500 909 1545; x_wconf 73' lang='lat' dir='ltr'>essent</span> <span class='ocrx_word' id='word_1_128' title='bbox 942 1512 1083 1544; x_wconf 86' lang='lat' dir='ltr'>tutae.</span> <span class='ocrx_word' id='word_1_129' title='bbox 1121 1500 1386 1545; x_wconf 83' lang='lat' dir='ltr'>Testudinis</span> <span class='ocrx_word' id='word_1_130' title='bbox 1416 1500 1531 1545; x_wconf 83' lang='lat' dir='ltr'>arie-</span> 
     </span>
     <span class='ocr_line' id='line_1_20' title="bbox 261 1569 1528 1630; baseline -0.005 -10"><span class='ocrx_word' id='word_1_131' title='bbox 261 1574 402 1620; x_wconf 87' lang='lat' dir='ltr'>tariae</span> <span class='ocrx_word' id='word_1_132' title='bbox 435 1569 722 1630; x_wconf 83' lang='lat' dir='ltr'>comparatio</span> <span class='ocrx_word' id='word_1_133' title='bbox 766 1570 933 1614; x_wconf 84' lang='lat' dir='ltr'>eadem</span> <span class='ocrx_word' id='word_1_134' title='bbox 974 1571 1156 1615; x_wconf 85' lang='lat' dir='ltr'>ratione</span> <span class='ocrx_word' id='word_1_135' title='bbox 1188 1570 1528 1629; x_wconf 77' lang='lat' dir='ltr'>perficiebatur.</span> 
     </span>
     <span class='ocr_line' id='line_1_21' title="bbox 261 1643 1529 1694; baseline -0.004 0"><span class='ocrx_word' id='word_1_136' title='bbox 261 1648 506 1694; x_wconf 80' lang='lat' dir='ltr'>Habuerat</span> <span class='ocrx_word' id='word_1_137' title='bbox 541 1654 702 1689; x_wconf 88' lang='lat' dir='ltr'>autem</span> <span class='ocrx_word' id='word_1_138' title='bbox 754 1643 1055 1688; x_wconf 84' lang='lat' dir='ltr'>intervallum</span> <span class='ocrx_word' id='word_1_139' title='bbox 1098 1644 1374 1688; x_wconf 83' lang='lat' dir='ltr'>cubitorum</span> <span class='ocrx_word' id='word_1_140' title='bbox 1414 1657 1529 1690; x_wconf 72' lang='lat' dir='ltr'>XXX.</span> 
     </span>
     <span class='ocr_line' id='line_1_22' title="bbox 262 1714 1533 1778; baseline -0.005 -12"><span class='ocrx_word' id='word_1_141' title='bbox 262 1718 563 1767; x_wconf 80' lang='lat' dir='ltr'>altitudinem</span> <span class='ocrx_word' id='word_1_142' title='bbox 595 1726 776 1776; x_wconf 88' lang='lat' dir='ltr'>praeter</span> <span class='ocrx_word' id='word_1_143' title='bbox 807 1714 1038 1777; x_wconf 70' lang='lat' dir='ltr'>fastigium</span> <span class='ocrx_word' id='word_1_144' title='bbox 1079 1728 1186 1760; x_wconf 75' lang='lat' dir='ltr'><strong>XVI.</strong></span> <span class='ocrx_word' id='word_1_145' title='bbox 1240 1715 1415 1778; x_wconf 78' lang='lat' dir='ltr'>Fastigii</span> <span class='ocrx_word' id='word_1_146' title='bbox 1449 1732 1533 1760; x_wconf 86' lang='lat' dir='ltr'>au-</span> 
     </span>
     <span class='ocr_line' id='line_1_23' title="bbox 264 1787 1528 1843; baseline -0.007 -5"><span class='ocrx_word' id='word_1_147' title='bbox 264 1804 360 1838; x_wconf 85' lang='lat' dir='ltr'>tem</span> <span class='ocrx_word' id='word_1_148' title='bbox 389 1788 593 1836; x_wconf 86' lang='lat' dir='ltr'>altitudo</span> <span class='ocrx_word' id='word_1_149' title='bbox 617 1787 675 1831; x_wconf 87' lang='lat' dir='ltr'>ab</span> <span class='ocrx_word' id='word_1_150' title='bbox 712 1787 846 1832; x_wconf 83' lang='lat' dir='ltr'>strato</span> <span class='ocrx_word' id='word_1_151' title='bbox 879 1787 938 1831; x_wconf 89' lang='lat' dir='ltr'>ad</span> <span class='ocrx_word' id='word_1_152' title='bbox 966 1788 1233 1843; x_wconf 82' lang='lat' dir='ltr'>summum,</span> <span class='ocrx_word' id='word_1_153' title='bbox 1256 1788 1413 1832; x_wconf 81' lang='lat' dir='ltr'>cubita</span> <span class='ocrx_word' id='word_1_154' title='bbox 1438 1800 1528 1831; x_wconf 82' lang='lat' dir='ltr'><strong>VII.</strong></span> 
     </span>
     <span class='ocr_line' id='line_1_24' title="bbox 266 1857 1530 1921; baseline -0.006 -10"><span class='ocrx_word' id='word_1_155' title='bbox 266 1865 440 1912; x_wconf 77' lang='lat' dir='ltr'>Exibat</span> <span class='ocrx_word' id='word_1_156' title='bbox 472 1874 630 1906; x_wconf 85' lang='lat' dir='ltr'>autem</span> <span class='ocrx_word' id='word_1_157' title='bbox 664 1861 713 1905; x_wconf 87' lang='lat' dir='ltr'>in</span> <span class='ocrx_word' id='word_1_158' title='bbox 742 1862 918 1916; x_wconf 80' lang='lat' dir='ltr'>altum,</span> <span class='ocrx_word' id='word_1_159' title='bbox 951 1860 990 1906; x_wconf 69' lang='lat' dir='ltr'>Sc</span> <span class='ocrx_word' id='word_1_160' title='bbox 1016 1861 1152 1921; x_wconf 84' lang='lat' dir='ltr'>supra</span> <span class='ocrx_word' id='word_1_161' title='bbox 1180 1861 1396 1905; x_wconf 83' lang='lat' dir='ltr'>medium</span> <span class='ocrx_word' id='word_1_162' title='bbox 1422 1857 1530 1905; x_wconf 50' lang='lat' dir='ltr'>teffti</span> 
     </span>
     <span class='ocr_line' id='line_1_25' title="bbox 268 1933 1529 1999; baseline -0.004 -16"><span class='ocrx_word' id='word_1_163' title='bbox 268 1937 500 1999; x_wconf 74' lang='lat' dir='ltr'>fastigium</span> <span class='ocrx_word' id='word_1_164' title='bbox 523 1934 742 1978; x_wconf 81' lang='lat' dir='ltr'>turricula</span> <span class='ocrx_word' id='word_1_165' title='bbox 768 1935 858 1978; x_wconf 83' lang='lat' dir='ltr'>lata</span> <span class='ocrx_word' id='word_1_166' title='bbox 885 1949 984 1978; x_wconf 88' lang='lat' dir='ltr'>non</span> <span class='ocrx_word' id='word_1_167' title='bbox 1012 1935 1168 1978; x_wconf 84' lang='lat' dir='ltr'>minus</span> <span class='ocrx_word' id='word_1_168' title='bbox 1191 1933 1349 1978; x_wconf 84' lang='lat' dir='ltr'>cubita</span> <span class='ocrx_word' id='word_1_169' title='bbox 1380 1946 1464 1976; x_wconf 76' lang='lat' dir='ltr'><strong>XII.</strong></span> <span class='ocrx_word' id='word_1_170' title='bbox 1488 1933 1529 1978; x_wconf 53' lang='grc' dir='ltr'>ἃ*</span> 
     </span>
     <span class='ocr_line' id='line_1_26' title="bbox 263 2005 1530 2072; baseline -0.008 -15"><span class='ocrx_word' id='word_1_171' title='bbox 263 2013 400 2072; x_wconf 83' lang='lat' dir='ltr'>supra</span> <span class='ocrx_word' id='word_1_172' title='bbox 430 2008 744 2053; x_wconf 77' lang='lat' dir='ltr'>extollebatur</span> <span class='ocrx_word' id='word_1_173' title='bbox 775 2007 1023 2051; x_wconf 84' lang='lat' dir='ltr'>altitudine</span> <span class='ocrx_word' id='word_1_174' title='bbox 1056 2017 1261 2066; x_wconf 86' lang='lat' dir='ltr'>quatuor</span> <span class='ocrx_word' id='word_1_175' title='bbox 1292 2005 1530 2049; x_wconf 83' lang='lat' dir='ltr'>tabulato-</span> 
     </span>
     <span class='ocr_line' id='line_1_27' title="bbox 264 2078 1531 2140; baseline -0.007 -10"><span class='ocrx_word' id='word_1_176' title='bbox 264 2100 402 2131; x_wconf 83' lang='lat' dir='ltr'>rum:</span> <span class='ocrx_word' id='word_1_177' title='bbox 431 2083 478 2125; x_wconf 87' lang='lat' dir='ltr'>in</span> <span class='ocrx_word' id='word_1_178' title='bbox 506 2097 598 2140; x_wconf 84' lang='lat' dir='ltr'>qua</span> <span class='ocrx_word' id='word_1_179' title='bbox 620 2080 830 2124; x_wconf 88' lang='lat' dir='ltr'>tabulato</span> <span class='ocrx_word' id='word_1_180' title='bbox 860 2080 1044 2124; x_wconf 88' lang='lat' dir='ltr'>summo</span> <span class='ocrx_word' id='word_1_181' title='bbox 1074 2078 1391 2123; x_wconf 86' lang='lat' dir='ltr'>statuebantur</span> <span class='ocrx_word' id='word_1_182' title='bbox 1409 2078 1531 2122; x_wconf 58' lang='lat' dir='ltr'>scor‘</span> 
     </span>
     <span class='ocr_line' id='line_1_28' title="bbox 261 2151 1530 2217; baseline -0.005 -17"><span class='ocrx_word' id='word_1_183' title='bbox 261 2156 427 2217; x_wconf 83' lang='lat' dir='ltr'>piones</span> <span class='ocrx_word' id='word_1_184' title='bbox 464 2152 503 2197; x_wconf 76' lang='lat' dir='ltr'>Sc</span> <span class='ocrx_word' id='word_1_185' title='bbox 541 2154 828 2212; x_wconf 80' lang='lat' dir='ltr'>catapultae,</span> <span class='ocrx_word' id='word_1_186' title='bbox 877 2152 924 2195; x_wconf 89' lang='lat' dir='ltr'>in</span> <span class='ocrx_word' id='word_1_187' title='bbox 969 2151 1266 2196; x_wconf 81' lang='lat' dir='ltr'>inferioribus</span> <span class='ocrx_word' id='word_1_188' title='bbox 1310 2167 1530 2213; x_wconf 75' lang='lat' dir='ltr'>congere-</span> 
     </span>
     <span class='ocr_line' id='line_1_29' title="bbox 263 2225 1530 2288; baseline -0.008 -12"><span class='ocrx_word' id='word_1_189' title='bbox 263 2231 404 2276; x_wconf 85' lang='lat' dir='ltr'>batur</span> <span class='ocrx_word' id='word_1_190' title='bbox 430 2242 596 2288; x_wconf 79' lang='lat' dir='ltr'>magna</span> <span class='ocrx_word' id='word_1_191' title='bbox 631 2242 777 2285; x_wconf 87' lang='lat' dir='ltr'>aquae</span> <span class='ocrx_word' id='word_1_192' title='bbox 820 2225 1082 2270; x_wconf 87' lang='lat' dir='ltr'>multitudo</span> <span class='ocrx_word' id='word_1_193' title='bbox 1103 2259 1115 2280; x_wconf 79' lang='lat'>,</span> <span class='ocrx_word' id='word_1_194' title='bbox 1149 2225 1205 2269; x_wconf 88' lang='lat' dir='ltr'>ad</span> <span class='ocrx_word' id='word_1_195' title='bbox 1237 2225 1530 2286; x_wconf 73' lang='lat' dir='ltr'>exstinguen⁴</span> 
     </span>
     <span class='ocr_line' id='line_1_30' title="bbox 261 2298 1530 2361; baseline -0.006 -14"><span class='ocrx_word' id='word_1_196' title='bbox 261 2302 410 2356; x_wconf 83' lang='lat' dir='ltr'>dum,</span> <span class='ocrx_word' id='word_1_197' title='bbox 442 2301 471 2344; x_wconf 74' lang='grc' dir='ltr'>Γ]</span> <span class='ocrx_word' id='word_1_198' title='bbox 505 2316 597 2359; x_wconf 85' lang='lat' dir='ltr'>qua</span> <span class='ocrx_word' id='word_1_199' title='bbox 633 2299 700 2342; x_wconf 85' lang='lat' dir='ltr'>vis</span> <span class='ocrx_word' id='word_1_200' title='bbox 737 2299 854 2361; x_wconf 74' lang='lat' dir='ltr'>ignis</span> <span class='ocrx_word' id='word_1_201' title='bbox 887 2300 1233 2343; x_wconf 79' lang='lat' dir='ltr'>immitteretur.</span> <span class='ocrx_word' id='word_1_202' title='bbox 1268 2298 1530 2343; x_wconf 80' lang='lat' dir='ltr'>Constitue-</span> 
     </span>
     <span class='ocr_line' id='line_1_31' title="bbox 262 2369 1529 2430; baseline -0.006 -12"><span class='ocrx_word' id='word_1_203' title='bbox 262 2375 401 2419; x_wconf 78' lang='lat' dir='ltr'>batur</span> <span class='ocrx_word' id='word_1_204' title='bbox 425 2384 582 2417; x_wconf 82' lang='lat' dir='ltr'>autern</span> <span class='ocrx_word' id='word_1_205' title='bbox 610 2372 657 2416; x_wconf 84' lang='lat' dir='ltr'>in</span> <span class='ocrx_word' id='word_1_206' title='bbox 680 2389 729 2416; x_wconf 87' lang='lat' dir='ltr'>ea</span> <span class='ocrx_word' id='word_1_207' title='bbox 754 2372 959 2416; x_wconf 85' lang='lat' dir='ltr'>arietaria</span> <span class='ocrx_word' id='word_1_208' title='bbox 990 2372 1226 2426; x_wconf 80' lang='lat' dir='ltr'>machina,</span> <span class='ocrx_word' id='word_1_209' title='bbox 1250 2387 1370 2430; x_wconf 89' lang='lat' dir='ltr'>quae</span> <span class='ocrx_word' id='word_1_210' title='bbox 1388 2369 1529 2412; x_wconf 76' lang='lat' dir='ltr'>Grae-</span> 
     </span>
     <span class='ocr_line' id='line_1_32' title="bbox 259 2444 1531 2507; baseline -0.01 -12"><span class='ocrx_word' id='word_1_211' title='bbox 259 2463 314 2495; x_wconf 80' lang='lat' dir='ltr'>ce</span> <span class='ocrx_word' id='word_1_212' title='bbox 345 2451 510 2507; x_wconf 58' lang='grc' dir='ltr'>κρισόόκν,</span> <span class='ocrx_word' id='word_1_213' title='bbox 556 2445 759 2503; x_wconf 82' lang='lat' dir='ltr'>dicitur,</span> <span class='ocrx_word' id='word_1_214' title='bbox 803 2445 852 2489; x_wconf 85' lang='lat' dir='ltr'>iu</span> <span class='ocrx_word' id='word_1_215' title='bbox 900 2461 995 2505; x_wconf 82' lang='lat' dir='ltr'>qua</span> <span class='ocrx_word' id='word_1_216' title='bbox 1041 2444 1354 2489; x_wconf 85' lang='lat' dir='ltr'>collocabatur</span> <span class='ocrx_word' id='word_1_217' title='bbox 1404 2453 1531 2484; x_wconf 78' lang='lat' dir='ltr'>torus</span> 
     </span>
    </p>
   </div>
  </div>
 </body>
</html>
