1600 2902
347 186 983 228 COMPENDIUM.
1227 199 1300 240 353

33 282 243 323 siccescere
264 283 470 336 ¹coeperit,
512 282 655 322 calculi
679 293 866 336 crepant,
902 282 943 321 δε
981 280 1140 320 inutiles
1177 280 1302 321 rimae

32 347 144 399 operi
169 345 401 385 efficientur.
440 344 559 384 Unde
578 346 758 399 proxime
789 343 1018 384 exstinctam
1043 345 1083 384 in
1113 355 1215 399 opus
1244 342 1303 383 al·

31 407 183 449 barium
205 409 363 449 mittere
393 421 477 449 non
499 420 677 463 oportet.

588 513 748 557 XXI.

452 602 511 641 De
538 604 678 641 cameris
705 600 885 641 canniciis.

81 683 275 727 Camerae
295 697 392 740 ergo
421 685 624 726 canniciae
651 684 703 726 fic
722 697 839 725 erunt
871 686 1186 739 componendae.
1227 687 1304 727 As·

28 748 133 791 seres
153 751 316 790 abietini
340 750 388 790 ad
417 749 559 788 lineam
587 760 655 788 aut
687 749 861 801 regulam
883 751 1101 803 aequaliter
1132 752 1302 805 dirigan-

27 823 114 861 tur,
138 825 189 851 ne
220 812 307 865 plus
338 812 508 851 habeant
537 807 832 864 groffitudInis,
866 826 985 863 quam
1023 814 1169 866 digitos
1204 826 1300 854 tres.

27 876 117 917 Hos
144 878 248 917 inter
270 876 309 916 se
339 875 601 930 sesquipedali
627 877 803 916 mensura
830 874 975 916 divisos
1003 877 1228 926 ordinabis,
1257 880 1300 918 ἃ

27 939 178 978 catenis
199 938 248 977 ad
278 940 616 992 contignationem
645 938 857 992 suspendes
882 939 938 977 ita
967 949 1010 977 ut
1043 937 1159 977 binae
1176 941 1300 991 perti-

26 1011 98 1039 cae
125 998 354 1053 graciliores
385 1000 487 1041 inter
515 1013 613 1049 eos,
656 996 851 1040 fimiffales
879 999 1028 1040 faciant
1062 1001 1231 1041 tumices
1253 1002 1305 1042 li-

26 1074 199 1116 gaturas.
230 1063 407 1104 Catenae
430 1075 564 1104 autem
592 1074 784 1117 parentur
805 1075 875 1103 aut
900 1064 948 1103 de
983 1062 1192 1117 iunipero,
1230 1075 1302 1104 aut

25 1126 160 1174 oliva,
198 1137 268 1165 aut
299 1127 431 1175 buxo,
473 1137 543 1166 aut
573 1124 766 1179 cupresso.
804 1126 999 1166 Camerae
1027 1139 1076 1165 ex
1104 1128 1300 1167 arundine

24 1186 207 1236 Graeca,
241 1189 307 1229 vel
335 1189 495 1243 palustri
526 1189 592 1229 vel
619 1188 823 1241 grossiori,
858 1187 940 1228 raia
970 1191 1009 1228 ὃ(
1032 1190 1224 1238 contusa,
1246 1190 1299 1229 fic

26 1263 319 1300 contexantur,
351 1264 396 1293 ut
430 1253 490 1292 his
520 1253 680 1301 circuli,
704 1253 882 1305 aequalis
916 1253 1132 1293 admodum
1169 1253 1304 1306 grosfi-

26 1315 175 1355 tudinis
206 1316 248 1355 &
274 1316 561 1368 longitudinis,
610 1327 702 1354 ante
727 1315 924 1367 ligentur,
957 1316 1023 1367 qui
1057 1314 1201 1368 poffint
1237 1329 1304 1356 ae·

24 1377 181 1428 qualem
209 1378 382 1417 nitorem
418 1376 644 1424 ostendere,
674 1388 719 1416 ut
756 1377 781 1415 sl
817 1390 935 1429 quam
965 1377 1174 1417 cultiorem
1207 1391 1300 1431 gra-

26 1436 117 1476 tiam
142 1446 322 1477 emutare
351 1438 558 1485 volueris,
595 1435 762 1477 fasciculi
792 1439 994 1478 molliores
1026 1450 1176 1478 cannae
1199 1439 1301 1478 faci-

24 1497 101 1538 lius
127 1498 218 1538 flexi
249 1500 460 1540 ducantur.
509 1500 647 1540 Postea
674 1501 798 1553 prima
834 1513 951 1539 manu
983 1500 1194 1540 inducatur
1221 1504 1300 1540 im-

26 1561 169 1614 pensa,
202 1563 361 1615 pumice
392 1561 643 1610 trullissetur,
675 1574 719 1601 ut
742 1573 866 1601 canna
894 1562 1133 1614 subligetur‚
1158 1563 1299 1602 deinde

25 1636 145 1663 arena
171 1626 212 1664 ὅ(
244 1624 352 1664 calce
383 1626 585 1676 dirigatur.
615 1623 758 1663 Tertio
790 1637 963 1663 marmor
999 1624 1154 1664 tunsum
1182 1623 1301 1678 super

26 1687 137 1725 calce
165 1686 406 1735 inducatur,
446 1688 487 1726 ὅ(
515 1687 700 1738 poliatur.
743 1686 806 1725 Sic
831 1687 871 1725 δε
903 1687 1098 1735 nitorem,
1139 1688 1179 1727 δε
1207 1702 1301 1741 gra-

27 1749 147 1795 tiam,
182 1749 223 1787 ἃ
249 1749 440 1786 virtutem
470 1747 628 1797 solidam
662 1748 794 1786 taciez.
829 1747 867 1785 Si
897 1748 991 1798 quid
1019 1761 1153 1789 autem
1182 1751 1302 1790 urba-

27 1809 85 1846 nis
116 1808 285 1847 cameris
322 1807 468 1846 addere
510 1807 715 1854 volueris,
762 1806 971 1847 fasciculos
1004 1809 1054 1848 de
1079 1822 1206 1849 canna
1238 1811 1301 1850 fa-

25 1869 107 1907 cies
128 1898 140 1915 ,
181 1868 221 1907 &
240 1868 438 1920 laquearis
465 1868 597 1921 operis
615 1899 627 1917 ,
656 1869 723 1910 vel
748 1868 935 1911 delicatae
953 1882 996 1911 ut
1016 1872 1217 1913 arcuatilis
1235 1885 1300 1914 ca-

25 1942 183 1980 merae,
214 1930 406 1984 exemplis
432 1931 570 1973 uteris.

558 2038 765 2085 XXII.

243 2123 302 2166 De
323 2126 548 2180 politionibus
577 2126 746 2178 parietum
777 2128 1080 2169 caementiciorum.

80 2208 254 2250 Parietes
289 2227 371 2254 uno
396 2215 509 2254 corio
540 2216 672 2261 tenui,
712 2216 750 2255 δι
776 2215 853 2254 alio
885 2215 1075 2268 groffiore
1100 2216 1125 2256 fi
1149 2217 1300 2262 fuerint

26 2271 175 2311 induffi
195 2273 235 2313 &
255 2275 390 2328 politi,
419 2279 626 2317 macritate
650 2275 844 2331 impensae
868 2279 951 2318 cito
978 2291 1302 2334 corrumpentur.

27 2334 258 2390 Exemplum
282 2339 399 2378 huius
423 2352 471 2379 ex
495 2341 552 2379 liis
580 2339 746 2393 speculis
778 2340 927 2380 sumere
950 2342 1161 2390 debemus,
1197 2357 1301 2396 quo-

26 2411 113 2438 rum
148 2413 288 2442 tenues
316 2401 484 2442 laminae
517 2404 631 2444 falsas
655 2405 693 2443 δι
723 2403 923 2443 deformes
952 2407 1181 2459 exprimunt
1201 2408 1299 2448 ima-

33 2462 173 2516 gines5
205 2464 353 2507 solidae
376 2477 511 2506 autem
535 2467 703 2507 laminae
731 2478 872 2519 veras,
901 2468 941 2507 ὅ(
967 2466 1056 2508 suae
1078 2469 1299 2522 pulchritu-

976 2530 1005 2569 Z
1033 2543 1056 2569 2
