1600 2902
270 138 363 205 308
519 135 591 183 M.
623 134 914 184 VITRUVII
939 136 1275 188 POLLIONIS

270 246 504 302 nationes,
551 261 695 306 quam
743 243 1003 292 breviffime
1041 249 1353 308 proximeque
1388 246 1528 293 attin-

268 334 378 382 gere
400 330 568 379 potero
588 353 600 374 ‚
634 317 674 364 Sc
693 318 916 379 scriptura
933 319 1177 379 consequi,
1207 337 1306 367 non
1335 331 1530 382 praeter·

268 392 469 438 mittam.
506 392 581 436 De
612 393 801 437 materia
836 389 1076 452 compasta
1108 392 1197 438 basi
1221 427 1233 450 ,
1270 410 1370 439 arca
1400 394 1447 438 in
1475 410 1526 439 ea

269 482 328 511 ex
355 482 455 510 aere
493 465 708 511 fabricata
752 467 1022 511 collocatur.
1083 464 1230 525 Supra
1261 466 1403 511 basim
1438 466 1525 510 eri-

265 551 444 602 guntur
480 540 664 601 regulae
709 538 871 583 dextra
908 554 958 583 ac
992 538 1156 582 sinistra
1191 538 1342 583 scalari
1376 538 1524 583 forma

265 608 534 670 compacslae
555 646 568 667 ‚
617 611 792 671 quibus
831 611 1141 657 includuntur
1171 611 1523 657 aerei-modioli

266 683 476 728 fundulis
510 683 860 728 ambulatilibus
897 699 955 728 ex
985 694 1123 728 torno
1154 683 1383 729 subtiliter
1414 683 1524 729 sub-

265 751 399 811 aistis,
429 754 713 800 habentibus
741 756 856 800 fixos
888 755 935 799 in
973 756 1132 800 medio
1180 754 1351 800 ferreos
1381 771 1524 800 anco-

263 844 344 874 nes
360 863 373 885 ,
408 830 450 874 8c
469 829 700 873 verticulis
722 844 833 873 cum
861 825 1070 873 vestibus
1088 825 1364 878 ‚coniundtos
1382 862 1395 884 ‚
1422 829 1521 888 pel-

265 901 488 959 libusque
524 901 684 944 lauatis
715 900 962 946 involutos.
1001 900 1120 945 Item
1150 900 1195 945 in
1225 901 1403 945 summa
1425 901 1526 960 pla-

266 972 380 1016 nitia
412 971 638 1016 foramina
668 970 845 1017 circiter
882 971 1138 1036 digitorum
1167 982 1383 1028 ternum,
1419 972 1524 1031 qui·-

266 1045 355 1090 bns
384 1045 687 1090 foraminibus
716 1046 933 1106 proxime
968 1047 1017 1091 in
1049 1045 1280 1091 verticulis
1311 1045 1525 1091 collocati

264 1119 384 1163 aerei
405 1118 639 1179 delphini,
663 1119 918 1179 pendentia
943 1119 1168 1163 habentes
1197 1119 1366 1163 catenis
1392 1135 1525 1179 cym-

263 1191 369 1235 bala
403 1208 460 1235 ex
491 1208 597 1247 ore,
630 1192 745 1237 infra
777 1191 1002 1237 foramina
1036 1192 1356 1237 modiolorum
1374 1191 1522 1236 chala-

259 1274 308 1309 ta
331 1265 450 1310 intra
480 1282 655 1322 arcam,
696 1282 794 1325 quo
820 1265 908 1310 loci
941 1281 1058 1324 aqua
1089 1265 1344 1309 sustinetur.
1401 1263 1519 1307 Inest

261 1336 313 1381 in
347 1336 395 1381 id
420 1353 564 1400 genus
598 1338 669 1382 uti
699 1337 1059 1381 infundibulum
1085 1335 1346 1390 inversum,
1381 1334 1517 1394 quod

259 1408 421 1453 subter
446 1409 592 1453 taxilli
618 1409 698 1453 alti
719 1408 900 1454 circiter
932 1408 1187 1471 digitorum
1208 1419 1395 1451 ternum
1416 1406 1519 1465 sup-

259 1480 399 1539 positi
429 1480 597 1524 librant
641 1480 841 1540 spatium
880 1480 1062 1535 imum,
1108 1480 1201 1524 ima
1236 1479 1354 1523 inter
1392 1478 1518 1523 labra

259 1549 455 1610 pnigeos
493 1548 533 1592 Sc
564 1565 690 1594 arcae
730 1550 948 1595 fundum.
1001 1551 1148 1611 Supra
1186 1561 1342 1594 autem
1374 1550 1519 1595 cervi-

258 1622 415 1666 culam
456 1621 551 1665 eius
590 1633 911 1684 coagmentata
954 1625 1106 1668 arcula
1142 1623 1330 1667 sustinet
1377 1635 1518 1682 caput

258 1693 500 1738 machinae
516 1727 528 1749 ,
558 1710 679 1753 quae
699 1694 872 1740 Graece
892 1700 1019 1739 κανὼν
1035 1696 1215 1750 μουσικὸς
1231 1697 1488 1755 appellatur
1505 1715 1515 1740 :

255 1766 308 1810 in
340 1766 469 1810 cuius
490 1766 786 1828 longitudine
805 1768 979 1811 canales
998 1799 1011 1821 ,
1049 1765 1080 1809 sl
1101 1766 1416 1811 tetrachordos
1437 1767 1515 1823 est,

256 1838 379 1883 fiunt
423 1851 660 1897 quatuor3
706 1839 737 1883 fi
773 1838 1125 1893 hexachordos,
1170 1838 1275 1891 sex3
1318 1838 1347 1882 fi
1387 1834 1522 1882 odio-¹

255 1911 458 1957 chordos
477 1946 490 1967 7
528 1908 647 1956 ocio.
681 1911 880 1975 Singulis
910 1923 1069 1956 autem
1099 1910 1330 1956 canalibus
1368 1911 1517 1973 singu-

254 1983 299 2027 la
318 1982 556 2042 epistomia
579 1984 710 2039 sunt,
743 1982 912 2028 inclusa
939 1981 1196 2028 manubriis
1218 1980 1369 2026 ferreis
1385 2015 1397 2035 ,
1421 1982 1516 2025 coh·

254 2055 434 2099 locata:
464 2070 584 2113 quae
613 2055 857 2099 manubria
886 2071 995 2099 cum
1016 2063 1328 2113 torquentur,
1361 2068 1418 2097 ex
1447 2068 1515 2096 ar-

257 2141 310 2169 ca
341 2125 626 2184 patefaciunt
668 2142 797 2172 nares
840 2126 889 2170 in
928 2126 1117 2170 canales.
1173 2124 1245 2170 Ex
1281 2123 1515 2169 canalibus

256 2208 416 2242 autem
440 2212 591 2241 canon
627 2197 769 2243 habet
800 2198 1011 2242 ordinata
1037 2197 1083 2242 in
1116 2196 1366 2242 transverso
1399 2196 1517 2241 fora-

258 2269 416 2323 mina,
451 2268 782 2327 respondentia
829 2270 877 2314 in
912 2269 1126 2324 naribus,
1172 2285 1293 2328 quae
1324 2269 1428 2313 sunt
1463 2269 1512 2312 in

255 2341 413 2386 tabula
447 2342 648 2398 summa,
692 2360 814 2403 quae
851 2344 1010 2388 tabula
1048 2344 1220 2388 Graece
1251 2347 1366 2396 πίναξ
1400 2341 1513 2384 dici-

255 2423 343 2458 tur.
382 2415 506 2460 Inter
537 2415 746 2460 tabulam
765 2416 804 2460 Bc
834 2432 1012 2461 canona
1044 2416 1229 2478 regulae
1253 2415 1359 2459 sunt
1378 2412 1515 2456 inter-
