1600 2902
230 253 314 299 DE
349 252 417 298 M.
452 251 770 300 VITRUVIO
806 252 1146 298 POLLIONE.
1208 265 1334 299 XLIII

65 359 207 399 Forma
229 368 362 396 tamen
381 355 647 397 charasterum
664 387 675 404 ‚
696 356 838 409 quibus
863 355 952 396 sunt
970 356 1130 396 nomina
1151 357 1215 395 illa
1234 370 1332 396 exa-

66 425 177 461 rata,
210 413 368 451 minime
397 424 542 465 aequat
565 410 727 451 Codicis
763 412 1064 463 antiquitatem:
1100 409 1189 450 sunt
1224 413 1332 451 enim

65 467 277 519 persimiles
298 466 588 514 charae‘terutm
610 466 751 517 quibus
771 464 1026 506 amanuenses
1046 465 1202 504 labente
1217 465 1332 506 secu-

63 524 103 561 lo
123 522 210 562 XV.
237 522 461 560 utebantur.
480 521 555 561 Sed
578 531 783 573 utcunque
803 519 849 558 fit
873 521 922 559 de
944 520 1098 560 illorum
1127 519 1333 559 charaete-

63 589 149 616 rum
172 586 323 623 aetate,
349 586 457 615 certe
484 588 532 615 ex
557 577 726 628 repetita
747 574 809 613 illa
834 572 988 612 Palladii
1017 575 1222 613 mentione
1247 576 1333 614 col-

62 631 181 683 ligere
206 631 397 682 quispiam
432 630 559 684 poffet
595 641 675 668 non
709 631 842 681 inepte
858 658 869 677 ‚
903 629 940 666 id
980 628 1222 681 compendium
1260 630 1333 669 ali-

62 685 224 737 quando
248 684 416 722 Palladio
437 683 549 725 fuiffe
573 683 822 735 adscriptum.

116 739 401 778 Verumtamen
426 739 478 778 illi
502 749 547 779 ut
566 737 847 783 adscriberent,
882 736 1113 789 persuadere
1134 737 1226 777 mihi
1251 752 1333 779 non

63 794 199 846 potui3
228 806 317 833 cum
337 793 375 830 in
399 794 598 845 compendio
618 792 740 831 multa
760 804 808 830 ex
827 791 978 830 Palladii
1008 792 1114 830 libris
1139 792 1332 846 descripta

63 857 134 887 aut
156 847 333 886 derivata
349 848 503 898 potius,
530 858 646 896 quam
669 847 716 884 ab
739 846 823 896 ipso
846 845 1012 884 Palladio
1037 845 1263 899 conscripta
1279 847 1332 886 es-

63 900 100 940 se
129 901 349 939 videantur.
380 900 583 940 Eiusmodi
609 899 795 940 nonnulla
833 898 921 939 loca
951 899 1124 938 indicavi
1167 901 1204 938 in
1233 903 1331 941 meis

62 955 423 1001 Annotationibu53
449 965 493 994 ut
508 985 519 1002 ‚
539 955 585 993 ad
604 955 691 994 Art.
710 965 771 994 IX.
788 954 910 993 verba
927 984 938 1001 ‚
960 955 1050 991 Calx
1068 956 1183 1005 itaque
1198 956 1237 991 de
1249 957 1330 994 albo

53 1008 174 1060 saxo:
197 1008 235 1047 &
255 1007 304 1046 ad
323 1007 409 1046 Art.
433 1019 530 1047 XVI.
553 1009 699 1056 verba,
731 1008 868 1060 aestivis
890 1007 1021 1045 balneis
1043 1010 1327 1062 hypocausteria:

60 1062 102 1101 ὅ(
125 1062 172 1100 ad
189 1064 275 1100 Art.
298 1072 395 1100 xxl.
421 1062 542 1101 verba
556 1093 567 1109 ‚
592 1076 729 1102 catenae
749 1073 860 1100 autem
877 1073 1050 1113 parentur.
1078 1060 1185 1100 Tum
1208 1063 1327 1102 etiam

60 1117 182 1168 magis
201 1115 500 1156 abiudicandum
517 1115 593 1156 effe
616 1118 653 1155 id
671 1115 963 1168 Compendium
984 1116 1032 1161 ab
1051 1115 1220 1155 Palladio
1236 1129 1330 1169 per-

61 1171 174 1222 cepi,
195 1183 283 1208 cum
304 1168 470 1208 formam
490 1170 612 1224 ipsam
634 1171 873 1218 locutionis,
892 1183 914 1208 a
939 1169 1105 1209 Palladio
1124 1171 1165 1210 &
1183 1171 1232 1209 ab
1252 1184 1328 1211 au—

59 1222 168 1262 &ore
196 1223 434 1275 Compendii
462 1225 701 1272 adhibitam,
729 1224 807 1263 suis
834 1224 1043 1263 momentis
1076 1223 1326 1277 pensitarem.

59 1277 200 1316 Purior
223 1276 348 1316 sermo
372 1278 411 1315 in
433 1278 532 1317 illius
556 1278 662 1317 libris
689 1280 728 1315 de
756 1281 806 1317 Re
831 1279 977 1330 rustica,
997 1278 1037 1317 ὅ(
1057 1279 1325 1327 emendatior,

60 1343 179 1382 quam
200 1331 238 1368 in
259 1331 376 1370 huius
403 1332 616 1384 compendio.
648 1333 695 1370 Et
715 1333 895 1384 quamvis
919 1332 1084 1371 eximiae
1108 1332 1326 1385 elegantiae

60 1385 180 1423 titulo
195 1397 275 1423 non
299 1386 599 1425 commendetur
616 1385 828 1432 Palladius,
844 1386 947 1424 haud
968 1398 1105 1438 parum
1126 1399 1256 1425 tamen
1277 1388 1327 1427 ab

60 1438 234 1476 auetoris
255 1439 374 1477 nostri
394 1438 635 1478 obscuritate
662 1439 828 1492 quadam
855 1440 896 1478 &
915 1439 1152 1492 negligentia
1178 1440 1323 1480 differt.

60 1491 108 1530 Et
129 1493 165 1530 in
190 1491 263 1530 hac
286 1505 448 1544 quoque
472 1492 667 1532 sententia
693 1491 766 1532 effe
783 1494 897 1546 plane
920 1494 1096 1546 comperi
1118 1494 1323 1547 Collegam

59 1544 234 1583 nostrum
265 1545 406 1584 Virum
429 1546 724 1586 eruditissimum
756 1546 898 1586 Iulium
924 1547 1182 1587 Pontederam
1200 1579 1211 1596 ,
1240 1550 1324 1588 Bo-

59 1600 210 1637 tanices
224 1597 478 1639 Profefforem
502 1600 800 1640 celeberrimum
815 1632 826 1648 ,
847 1601 915 1652 qui
940 1601 1165 1651 iampridem
1181 1603 1218 1641 in
1235 1603 1324 1643 Pal-

57 1652 147 1691 ladii
170 1652 274 1691 libris
297 1653 498 1693 versandis
530 1655 798 1707 ornandisque
824 1654 890 1693 diu
916 1654 1163 1708 multumque
1188 1657 1323 1696 versa-

59 1717 121 1745 tus
147 1705 288 1745 fuerat.
326 1706 363 1746 Is
399 1718 602 1760 praeterea
633 1708 939 1756 animadvertit,
977 1709 1104 1748 videri
1135 1711 1319 1762 quidem,

58 1758 257 1799 aueorem
287 1760 459 1801 nostrum
477 1773 524 1800 ex
544 1762 580 1801 S.
609 1763 761 1802 Isidoro
786 1762 1023 1816 Hispalensi,
1050 1766 1117 1816 qui
1136 1766 1320 1814 tandem,

58 1813 188 1855 seculo
214 1812 379 1867 septimo
403 1816 452 1854 ad
478 1816 647 1856 medium
667 1827 858 1868 vergente
873 1847 884 1864 ‚
904 1816 1059 1864 floruit,
1080 1817 1165 1857 loca
1190 1819 1321 1872 aliqua

59 1866 281 1907 desumfiss'e.
314 1869 469 1908 Horum
493 1868 699 1922 specimina
720 1870 913 1922 quaedam
938 1869 1147 1910 observare
1167 1873 1221 1912 est
1244 1887 1321 1914 no-

59 1921 141 1960 stris
164 1922 203 1960 in
228 1922 584 1963 Annotationibus:
614 1925 698 1964 Art.
716 1936 741 1962 1.
765 1925 811 1962 ad
837 1925 958 1964 verba
974 1957 985 1973 ‚
1006 1925 1260 1976 Iclmogmplzia
1278 1930 1321 1980 est

57 1989 182 2024 areae‚·
210 1975 295 2016 Art.
320 1988 396 2016 ΧΗ.
431 1977 479 2016 ad
507 1978 652 2026 verba,
683 1979 774 2017 larix
798 1993 875 2017 vero
906 1995 928 2016 a
964 1981 1130 2030 Castell0‚·
1161 1982 1200 2019 δέ
1229 1983 1314 2021 Art.

59 2027 151 2066 item
174 2040 251 2068 ΧΠ.
274 2031 321 2068 ad
348 2031 493 2078 verba,
521 2033 637 2070 multis
656 2033 766 2084 itaque
795 2033 939 2085 templis.
965 2032 1088 2084 Quae
1116 2034 1202 2073 loca
1228 2035 1317 2075 satis·

59 2082 230 2121 indicare
254 2084 462 2133 videntur,
486 2085 685 2125 atl&orem
707 2085 877 2125 nostrum
902 2088 1090 2125 nonnulla
1114 2101 1161 2126 ex·
1185 2088 1319 2129 Isidori

60 2134 216 2173 hausisse
233 2135 427 2186 fontibus;
444 2140 506 2186 &,
525 2140 633 2191 quod
648 2140 925 2192 consequitur,
942 2141 1041 2180 illius
1064 2140 1202 2195 scripta
1223 2144 1318 2183 scri-

61 2188 136 2239 ptis
170 2189 282 2228 huius
311 2195 528 2232 recentiora
560 2192 633 2232 esse
657 2194 889 2246 reputanda.
923 2194 1064 2233 Netue
1090 2197 1191 2234 enim
1222 2211 1317 2249 pro-

60 2241 186 2280 babile
208 2243 298 2280 milti
328 2245 442 2285 tieret
458 2277 469 2293 ‚
496 2259 565 2285 aut
588 2247 772 2287 Isidorum
795 2248 985 2296 descripsis
1005 2261 1025 2286 e
1048 2249 1107 2288 illa
1137 2262 1183 2288 ex
1216 2253 1315 2289 Com-

54 2296 203 2346 pcndi0;
233 2308 299 2334 aut
325 2299 372 2336 ab
401 2313 481 2339 uno
512 2301 734 2353 eodemque
762 2301 838 2340 alio
864 2300 1050 2354 scriptore
1075 2316 1156 2341 tum
1188 2303 1315 2344 Isido-

57 2361 164 2395 rum,
183 2360 264 2406 tum
283 2351 452 2391 nostrum
468 2352 666 2394 :tutiorem
680 2387 690 2403 ‚
711 2356 773 2393 illa
790 2385 799 2401 ,
827 2356 864 2393 in
885 2358 1026 2407 quibus
1043 2356 1314 2408 consentiunt,

59 2403 177 2442 verba
197 2401 306 2441 tuiffe
331 2417 540 2446 mutuatos.

112 2457 251 2507 ltaque
282 2457 416 2496 lubens
449 2460 633 2509 dixerim,
666 2475 795 2516 neque
821 2463 1050 2510 Palladium,
1084 2477 1211 2516 neque
1240 2465 1313 2505 Isi-

56 2511 221 2556 dorum,
244 2510 353 2549 fuisse
371 2511 567 2551 auctorem
590 2515 783 2562 nostrum,
806 2530 1080 2557 verumtamen
1103 2519 1309 2572 antiquum

55 2564 197 2613 alium,
224 2564 264 2604 δε
285 2565 423 2605 lstdori
446 2579 574 2607 aetate
601 2570 719 2622 paulo
736 2570 976 2611 inferiorem.
1006 2573 1076 2612 Ait
1103 2573 1205 2612 enim
1230 2575 1311 2614 No-
