1600 2902
241 207 323 256 DE
355 205 845 253 ARCHITECTURA
882 205 990 252 Liss.
1025 204 1127 252 vn.
1218 221 1304 271 191

53 318 139 378 qui
170 315 300 375 supra
333 314 672 359 bibliothecam
706 313 915 370 fuerant,
952 314 992 360 86
1021 313 1237 373 quaesiit,
1277 313 1310 357 fi

52 406 197 451 quem
224 387 452 432 novissent
484 388 542 431 ad
570 387 619 431 id
652 387 941 446 expeditum.
993 387 1132 432 Tunc
1165 388 1205 430 ei
1242 386 1311 430 di-

52 472 249 517 xerunt,
286 461 371 506 effe
397 460 637 522 quendam
670 459 1023 519 Aristophanem
1043 494 1054 514 ,
1084 460 1166 519 qui
1189 459 1312 506 sum-

53 551 134 581 mo
162 533 313 579 studio
342 533 616 591 summaque
649 531 885 594 diligentia
908 532 1122 590 quotidie
1147 548 1312 576 omnes

52 607 194 652 libros
217 621 276 651 ex
305 606 470 651 ordine
500 605 768 667 perlegeret.
807 605 970 664 Itaque
998 605 1046 648 in
1070 616 1310 651 conventu

54 678 277 724 ludorum
319 694 428 724 cum
471 679 665 723 secretae
719 677 844 722 sedes
894 677 1124 723 iudicibus
1170 677 1311 722 effent

55 749 360 806 distributae,
405 766 516 796 cum
558 749 715 794 ceteris
754 748 1077 808 Aristophanes
1119 738 1310 807 citatus,

55 823 464 881 quemadmodum
496 822 643 868 fuerat
674 823 802 867 locus
838 821 878 865 ei
915 821 1171 883 designatus
1191 856 1203 877 ,
1246 824 1310 867 se-

58 894 139 938 dit.
180 895 336 939 Primo
367 903 611 955 poetarum
636 894 802 939 ordine
829 893 888 938 ad
919 894 1222 939 certationem
1246 895 1312 938 in·

59 965 202 1013 duffio
237 985 347 1013 cum
384 968 686 1013 recitarentur
723 968 918 1027 scripta,
952 969 1160 1028 populus
1196 984 1313 1014 cun-

58 1037 155 1085 dius
184 1039 481 1102 fignificando
515 1041 742 1085 mon-ebat
775 1040 947 1085 iudices
979 1041 1112 1100 quod
1144 1042 1316 1101 proba-

57 1121 172 1156 rent.
209 1110 370 1170 Itaque
392 1128 503 1156 cum
534 1111 591 1156 ab
616 1110 800 1173 singuiis
825 1111 1077 1156 iententiae
1106 1112 1212 1158 sunt
1239 1129 1315 1158 ro-

59 1194 187 1246 gatae
205 1217 217 1238 ,
237 1184 314 1228 sex
334 1201 426 1231 una
452 1185 672 1230 dixerunt
687 1218 699 1239 ,
720 1185 760 1230 86
779 1200 923 1243 quem
944 1185 1148 1230 maxime
1167 1187 1318 1232 anim-

60 1258 361 1304 adverterunt
398 1258 700 1304 multitudini
735 1257 979 1318 placuisse,
1025 1260 1064 1304 ei
1106 1261 1316 1319 primum

63 1330 363 1390 praemium,
412 1331 677 1390 insequenti
730 1330 986 1375 secundnm
1034 1332 1317 1380 tribuerunt.

64 1404 389 1464 Aristophanes
412 1421 549 1460 vero,
580 1420 689 1449 cum
727 1405 784 1448 ab
818 1420 873 1448 eo
902 1404 1125 1448 sententia
1148 1423 1321 1467 rogare·

65 1488 140 1523 tur
159 1512 171 1534 ,
201 1494 309 1523 eum
341 1479 545 1538 primum
574 1476 867 1537 pronuntiari
895 1476 1013 1522 iuffit
1033 1511 1045 1533 ,
1075 1479 1156 1537 qui
1180 1480 1320 1524 mini-

64 1568 142 1597 me
175 1554 358 1612 populo
391 1550 637 1612 placuisset.
691 1550 814 1596 Curn
848 1561 1004 1595 autem
1036 1567 1115 1595 rex
1147 1552 1188 1597 86
1219 1554 1321 1597 uni-

65 1625 176 1670 verfi
222 1625 524 1669 vehementer
569 1624 956 1686 indignarentur,
1003 1622 1228 1680 surrexit,
1278 1626 1320 1670 86

66 1696 275 1758 rogando
295 1697 577 1756 impetravit,
601 1707 654 1740 ut
679 1706 950 1754 paterentur
975 1694 1019 1739 se
1046 1695 1208 1740 dicere.
1240 1697 1322 1742 Ita·

71 1785 165 1828 que
190 1770 369 1814 silentio
406 1766 523 1815 fafio
550 1769 714 1814 docuit
749 1784 898 1814 unum
930 1783 988 1812 ex
1023 1769 1089 1812 his
1107 1784 1216 1813 eum
1235 1769 1322 1814 esse

69 1850 258 1902 po'e'tam
281 1853 483 1898 ,ceteros
518 1842 663 1888 aliena
687 1840 960 1886 recitaviffe:
998 1855 1216 1901 oportere
1244 1860 1324 1888 aus

71 1924 167 1958 tem
203 1913 458 1958 iudicantes
490 1930 588 1959 non
622 1913 768 1969 furta,
804 1914 880 1959 sed
914 1914 1075 1974 scripta
1108 1916 1319 1974 probare.

73 1986 343 2031 Admirante
383 1989 596 2047 populo,
645 1987 685 2032 86
720 2002 825 2048 rege
861 1986 1138 2041 dubitante,
1181 1986 1323 2031 fretus

74 2059 296 2103 memoria
344 2075 370 2102 e
411 2059 540 2103 certis
597 2059 795 2104 armariis
842 2058 1022 2103 infinita
1081 2059 1324 2104 volumina

76 2129 269 2182 eduxit,
311 2129 350 2174 86
391 2146 440 2173 ea
480 2146 587 2175 cum
625 2131 818 2175 recitatis
849 2130 1137 2174 conferendo
1173 2133 1325 2193 coegit

77 2202 196 2261 ipsos
231 2200 400 2245 furatos
440 2202 498 2247 de
541 2204 584 2246 se
623 2204 848 2248 confiteri.
904 2202 1066 2261 Itaque
1114 2219 1195 2247 rex
1235 2202 1326 2247 ius-

79 2275 133 2320 sit
171 2289 279 2317 cum
327 2272 392 2316 his
429 2276 497 2335 agi
552 2274 689 2329 furti,
739 2274 1172 2333 condemnatosque
1214 2290 1325 2319 curn

77 2347 332 2410 ignominia
365 2346 545 2392 (limisit.
587 2348 936 2408 Aristophanem
972 2364 1081 2392 vero
1115 2348 1327 2406 amplissi-

80 2421 165 2465 mis
201 2419 469 2465 muneribus
502 2420 712 2475 ornavit,
744 2421 784 2465 86
821 2420 952 2480 supra
995 2419 1326 2463 bibliothecam

80 2493 328 2539 constituit.
352 2491 707 2551 Insequentibus
731 2493 859 2537 annis
885 2509 909 2536 a
929 2490 1203 2537 Macedonia
1226 2491 1330 2536 Zoi-
