1600 2902
250 191 342 238 226
500 186 568 232 M.
604 185 896 232 VITRUVII
930 188 1270 237 POLLIONIS

245 295 443 350 hedera,
471 295 652 353 aliaque
686 310 807 354 quae
835 293 1067 339 eiusmodi
1093 297 1225 354 sunt,
1260 314 1381 357 quae
1410 312 1509 343 non

245 366 436 427 possunt
463 366 582 410 nasci
609 383 695 412 nec
723 367 780 411 ali
809 383 892 426 per
921 366 964 411 se
993 367 1085 411 fine
1103 369 1314 416 humore.
1345 370 1510 416 Solent

246 452 403 486 autem
444 440 608 484 eadem
646 440 695 484 in
724 439 898 484 lacunis
933 450 1038 484 nata
1068 439 1152 484 effe
1171 475 1183 496 ‚
1212 459 1332 501 quae
1359 442 1510 486 siden-

246 523 312 557 tes
349 522 529 572 praeter
570 512 806 571 reliquum
852 527 1012 573 agrum
1059 513 1299 572 excipiunt
1335 531 1506 574 aquam

243 601 302 631 ex
332 583 590 639 imbribus,
622 583 662 628 Sc
694 584 806 646 agris
841 600 923 643 per
958 584 1160 628 hiemem
1182 617 1194 640 ‚
1237 586 1507 645 diutiusque

241 668 435 720 propter
466 657 766 717 capacitatem
793 657 1066 702 conservant
1096 657 1368 713 humorem,
1403 659 1507 717 qui-

240 731 328 777 bus
360 745 455 774 non
481 729 541 774 est
569 727 876 772 credendum.
921 726 1014 772 Sed
1039 729 1211 788 quibus
1240 731 1506 792 regionibus

242 802 286 847 Sc
314 801 470 856 terris,
510 815 609 845 non
644 799 817 845 lacunis
840 833 852 856 ‚
892 816 942 844 ea
973 801 1093 862 signa
1126 801 1373 846 nascuntur
1407 818 1506 847 non

241 874 354 928 sata,
380 872 458 916 sed
489 871 754 915 naturaliter
784 888 866 930 per
896 872 939 916 se
971 882 1119 917 creata
1139 907 1151 928 ,
1180 873 1247 918 ibi
1278 874 1338 917 est
1365 890 1508 933 quae·

218 945 397 993 urenda.
435 944 488 988 In
528 943 700 1003 quibus
729 944 841 988 locis
877 961 954 989 eae
991 961 1090 989 non
1125 946 1507 1007 significabuntur

243 1017 568 1071 inventiones,
614 1015 671 1059 fic
720 1026 858 1060 erunt
902 1017 1232 1076 experiundae.
1282 1017 1506 1061 Fodiatur

242 1087 601 1152 quoquoversus
638 1089 768 1131 locus
803 1089 921 1133 latus
959 1089 1101 1149 pedes
1137 1101 1252 1146 tres,
1290 1092 1408 1135 altus
1444 1105 1505 1133 ne

245 1164 401 1210 minus
430 1162 572 1222 pedes
602 1161 846 1219 quinque,
879 1162 926 1205 in
955 1178 1109 1220 eoque
1139 1164 1399 1207 collocetur
1422 1161 1506 1206 cir-

244 1238 358 1282 citer
385 1234 485 1279 solis
514 1234 726 1278 occasum
754 1233 995 1294 scaphium
1023 1252 1226 1292 aereum,
1251 1247 1332 1281 aut
1354 1237 1507 1296 plum·

242 1309 390 1354 heum
410 1342 424 1361 ‚
451 1319 531 1352 aut
570 1307 740 1367 pelvis,
783 1324 842 1351 ex
874 1308 941 1352 his
971 1310 1107 1367 quod
1147 1310 1230 1354 erit
1258 1321 1472 1370 paratum
1491 1343 1506 1364 ‚

242 1382 393 1441 idque
421 1380 689 1425 intrinsecus
714 1380 820 1424 oleo
851 1392 1077 1443 ungatur,
1108 1394 1407 1443 ponaturque
1432 1382 1504 1425 in-

241 1454 458 1509 versum,
495 1453 535 1498 Sc
574 1452 753 1497 summa
795 1451 959 1497 fossura
993 1454 1230 1512 operiatur
1266 1451 1504 1497 arundini-

242 1525 331 1571 bus
356 1536 437 1570 aut
466 1525 659 1569 fronde:
694 1525 829 1584 supra
859 1537 976 1569 terra
1005 1526 1257 1570 obruatur:
1285 1537 1388 1569 tum
1412 1541 1503 1584 pom

240 1599 357 1644 stero
386 1598 463 1642 die
488 1598 719 1657 aperiatur
737 1630 750 1653 ,
787 1597 828 1642 8c
860 1598 890 1641 si
921 1597 969 1641 in
998 1597 1099 1642 vase
1127 1599 1265 1642 stillae
1291 1597 1502 1642 sudores-

244 1686 341 1730 que
373 1681 540 1722 erunt‚
572 1667 606 1712 is
634 1669 762 1713 locus
790 1667 982 1713 habebit
1000 1686 1183 1728 aquam.
1231 1669 1348 1714 Item
1375 1670 1405 1713 si
1427 1686 1502 1713 vas

245 1758 305 1788 ex
332 1752 453 1786 creta
479 1736 653 1784 saelum
678 1756 777 1785 non
806 1737 1021 1796 coelum,
1049 1742 1096 1785 in
1131 1757 1181 1785 ea
1213 1741 1403 1786 foffione
1427 1758 1503 1785 ea-

246 1815 358 1859 dem
389 1813 567 1859 ratione
601 1824 849 1872 opertum,
873 1813 1077 1873 positum
1110 1814 1270 1870 fuerit,
1306 1815 1334 1859 ss
1368 1815 1400 1858 is
1430 1816 1502 1858 lo-

244 1901 324 1931 cus
355 1900 527 1942 aquam
561 1882 775 1928 habuerit
794 1916 807 1938 ‚
839 1899 946 1928 cum
983 1894 1197 1943 apertum
1228 1883 1394 1938 fuerit,
1425 1900 1500 1928 vas

244 1955 500 2001 humidum
532 1954 614 1998 erit
632 1987 643 2008 ‚
666 1953 706 1997 Sc
735 1954 873 1998 etiam
905 1954 1173 1999 dissolvetur
1201 1955 1260 1998 ab
1289 1955 1500 2001 humore.

244 2029 508 2087 Vellusque
546 2027 675 2071 lanae
703 2027 734 2071 fi
765 2029 1048 2073 collocatum
1083 2029 1166 2073 erit
1198 2029 1246 2072 in
1280 2045 1330 2073 ea
1359 2029 1501 2073 foffu-

244 2118 321 2156 ra,
357 2100 622 2159 insequenti
655 2111 813 2144 autem
853 2100 927 2144 die
965 2101 1025 2145 de
1059 2118 1114 2146 eo
1148 2118 1271 2161 aqua
1300 2100 1500 2161 expreffa

245 2175 362 2229 erit,
405 2171 674 2234 significabit
720 2188 828 2216 eum
879 2174 1040 2217 locum
1085 2172 1255 2217 habere
1303 2172 1499 2232 copiam.

245 2247 357 2292 Non
384 2245 538 2290 minus
571 2245 600 2288 si
629 2245 815 2289 lucerna
848 2245 1150 2301 concinnata,
1188 2245 1375 2304 oleique
1400 2246 1502 2303 ple-

244 2335 331 2373 na,
364 2318 404 2364 Sc
436 2319 643 2373 accensa,
683 2319 728 2361 in
759 2334 814 2361 eo
845 2320 950 2363 loco
985 2329 1145 2378 operta
1179 2319 1317 2363 fuerit
1353 2319 1499 2362 collo-

245 2401 370 2445 cata,
400 2391 440 2436 ἐξ
468 2391 651 2450 postero
672 2391 860 2435 dienon
890 2392 972 2435 erit
997 2388 1201 2447 exsuffla,
1222 2391 1301 2436 sed
1326 2390 1500 2434 habue-

243 2464 302 2508 rit
331 2464 546 2522 reliquias
586 2464 677 2508 olei
711 2463 752 2508 Sc
790 2463 1037 2524 ellychnii,
1084 2463 1274 2524 ipsaque
1304 2462 1500 2507 humida
