1600 2902
261 156 343 202 DE
375 152 869 201 ARCHITECTURA
903 152 1013 198 LIB.
1047 153 1109 199 X.
1226 168 1320 216 299

60 273 200 325 caput
231 264 354 319 eius,
387 280 468 323 per
497 263 546 308 id
577 279 686 308 cum
724 262 940 317 ducitur,
976 259 1198 306 faciundo
1217 275 1321 304 rno-

61 350 134 382 tus
173 337 509 391 circinationis,
549 337 672 398 cogit
712 335 1018 395 pressionibus
1059 331 1323 378 examinare

60 408 213 467 paucis
247 408 463 451 manibus
488 408 638 451 oneris
671 405 865 451 maximi
900 404 1100 465 pondus.
1149 403 1323 449 Itemfi

58 477 143 521 sub
187 495 305 522 onus
346 478 485 523 vectis
526 478 657 522 ferrei
697 479 873 539 lingula
913 473 1112 521 subiecta
1147 474 1324 531 fuerit,

57 563 215 606 neque
259 561 399 608 caput
436 549 531 594 eius
564 549 790 609 pressione
823 550 869 593 in
913 549 1089 604 imum,
1126 549 1204 593 sed
1236 547 1324 592 ad·

57 620 209 663 versus
240 621 287 663 in
332 621 631 664 altitudinem
671 622 955 675 extolletur,
997 621 1170 682 lingula
1205 619 1324 664 fulta

57 692 107 737 in
136 709 265 737 areae
288 693 384 737 solo
420 692 612 738 habebit
643 708 744 736 eam
765 709 849 751 pro
876 709 1040 737 onere:
1076 692 1223 737 oneris
1241 708 1323 736 au-

56 776 157 809 tem
184 766 318 825 ipsius
342 767 570 827 angulum
599 781 686 825 pro
719 765 970 824 pressione:
1012 768 1072 811 ita
1102 783 1201 811 non
1223 778 1323 810 tam

55 839 276 894 faciliter,
308 856 449 897 quam
471 855 552 898 per
572 838 846 898 pressionem
864 872 875 893 ,
914 839 990 884 sed
1015 839 1225 884 adversus
1249 837 1325 881 ni-

59 913 312 958 hilominus
343 914 389 956 in
411 913 598 972 pondus
630 913 780 957 oneris
816 913 900 957 erit
939 913 1210 957 excitatum.
1241 910 1325 972 Igi-

60 997 136 1030 tur
169 988 200 1031 fi
243 988 346 1045 plus
380 987 554 1048 lingula
589 983 727 1031 veffis
763 986 897 1046 supra
943 984 1323 1049 hypomochlion

58 1059 204 1119 posita
237 1060 322 1104 sub
362 1075 479 1104 onus
508 1059 722 1115 subierit,
759 1060 800 1105 ὃς
839 1072 979 1121 caput
1009 1061 1105 1105 eius
1129 1059 1325 1121 propius

58 1145 277 1178 centrum
310 1134 555 1193 pressiones
587 1135 827 1190 habuerit,
867 1151 966 1180 non
999 1138 1172 1194 poterit
1205 1146 1326 1178 onus

62 1209 266 1263 elevare,
308 1206 388 1250 nifl
432 1206 877 1266 (quemadmodum
919 1206 1053 1266 supra
1096 1206 1325 1265 scriptum

63 1280 155 1336 est)
195 1278 473 1322 examinatio
495 1276 632 1322 venis
661 1278 845 1340 longius
870 1295 951 1339 per
971 1289 1136 1338 caput,
1164 1288 1326 1334 neque

60 1350 192 1394 iuxta
232 1365 348 1394 onus
382 1349 521 1393 fuerit
558 1346 683 1394 facta.
727 1349 782 1393 ld
821 1361 980 1394 autem
1020 1364 1076 1393 ex
1107 1345 1327 1402 trutinis,

61 1438 183 1481 quae
214 1422 396 1466 [laterae
427 1422 676 1478 dicuntur,
711 1421 816 1466 licet
846 1421 1145 1467 considerare.
1196 1418 1324 1464 Cum

61 1494 189 1539 enim
222 1495 324 1537 ansa
349 1494 541 1553 propius
562 1505 704 1553 caput
721 1526 733 1548 ,
760 1493 890 1537 unde
919 1493 1099 1536 lancula
1119 1490 1326 1550 pendet,

60 1567 146 1612 ubi
173 1577 227 1612 ut
261 1578 475 1612 centrum
509 1567 570 1610 est
599 1568 847 1624 collocata,
881 1564 922 1611 Sc
945 1563 1325 1624 aequipondium

60 1640 109 1684 in
141 1641 329 1685 alteram
364 1653 546 1700 partem
588 1639 706 1699 scapi
746 1656 828 1699 per
865 1634 1039 1699 punffla
1079 1635 1324 1699 vagando,

61 1727 160 1770 quo
191 1712 398 1772 longius,
443 1723 523 1755 aut
553 1712 691 1754 etiam
724 1711 782 1754 ad
815 1722 1080 1755 extremum
1110 1709 1324 1769 perduci-

60 1793 140 1826 tur
170 1782 311 1841 paulo
331 1815 342 1837 ,
371 1782 596 1840 &impari
628 1782 840 1841 pondere
870 1781 1188 1841 amplissimam
1208 1796 1325 1840 pen-

59 1853 235 1898 sionem
269 1869 426 1912 parem
458 1853 665 1912 pe1·sicit;
700 1869 781 1913 per
808 1854 924 1913 scapi
955 1853 1250 1897 librationem
1277 1853 1322 1899 Sc

62 1928 455 1971 examinationem
503 1925 686 1986 longius
725 1944 748 1971 a
788 1938 949 1971 centro
990 1927 1319 1982 recedentem,

62 1997 126 2042 ita
159 1998 437 2043 imbecillior
474 1998 782 2057 aequipondii
818 1999 1047 2052 brevitas,
1096 1998 1322 2044 maiorem

61 2070 157 2114 vim
195 2070 412 2129 ponderis
459 2082 704 2114 momento
734 2070 995 2126 deducens,
1050 2071 1142 2114 sine
1179 2071 1323 2116 vehe-

59 2143 263 2197 mentia,
298 2143 500 2187 molliter
523 2143 580 2187 ab
614 2144 709 2187 imo
744 2144 916 2189 fulsum
946 2143 1126 2201 versum
1164 2142 1321 2204 egredi

61 2216 199 2277 cogit.
277 2216 697 2282 Quemadmodum
748 2217 885 2260 etiam
924 2215 1049 2259 navis
1086 2214 1320 2259 onerariae

60 2288 291 2332 maximae
311 2287 592 2347 gubernator
616 2290 768 2332 ansam
795 2288 1097 2350 gulmrnacnli
1128 2300 1322 2344 tenens,

61 2361 144 2419 qui
177 2369 262 2421 οἴαξ
302 2377 325 2404 a
361 2362 540 2405 Graecis
578 2363 864 2420 appellatur,
922 2377 1011 2404 una
1053 2376 1194 2404 manu
1226 2376 1320 2404 mo-

58 2445 223 2478 mento
246 2449 328 2493 per
348 2434 497 2479 centri
519 2434 747 2479 rationem
773 2434 1076 2494 ptellionibus
1100 2433 1203 2479 artis
1225 2434 1320 2497 agi-
