1600 2902
279 217 361 264 DE
393 215 884 265 ARCHITECTURA
915 219 1023 265 LIB.
1058 221 1111 266 ΙΙ.
1261 237 1324 284 47

75 326 213 371 bibus
253 341 314 369 ex
349 335 553 384 quatuor
596 326 804 386 partibus
842 329 1034 390 angulos
1075 328 1328 391 iugumen-

73 408 252 453 tantes,
294 395 336 440 86
376 398 437 440 ita
468 397 662 457 parietes
700 415 760 443 ex
801 399 1041 444 arboribus
1081 399 1327 444 statuentes

70 469 130 514 ad
159 468 553 528 perpendiculum
590 470 785 515 imarum
806 504 818 526 ,
853 472 1062 516 educunt
1093 471 1152 516 ad
1174 471 1329 516 altitu-

71 540 233 586 dinem
266 553 438 598 turres,
478 543 846 604 intervallaque,
884 560 1006 604 quae
1050 546 1329 604 relinquun-

70 625 148 659 tur
177 629 371 676 propter
407 617 745 663 crassitudinem
782 619 1032 675 materiae,
1076 619 1255 664 schidiis
1285 619 1327 665 86

68 687 174 731 luto
205 688 466 734 obstruunt.
511 689 629 734 Item
661 685 778 734 tefta
810 690 1061 735 recidentes
1088 691 1146 736 ad
1177 704 1330 737 extre-

72 776 174 804 mos
207 762 398 822 angulos
438 761 623 806 transtra
652 762 883 807 traiiciunt
904 797 916 817 ,
962 763 1186 825 gTadatim
1216 780 1330 809 con-

71 833 312 878 trahentes.
367 834 436 878 Ita
469 849 526 878 ex
561 846 766 893 quatuor
796 834 1005 894 partibus
1038 834 1098 879 ad
1123 836 1331 881 altitudi-

74 916 185 949 nem
223 905 434 950 educunt
463 905 619 949 medio
643 917 816 950 metas:
867 922 980 965 quas
1010 905 1051 951 8c
1082 905 1252 952 fronde
1289 907 1330 953 86

72 977 176 1020 luto
208 989 442 1040 tegentes,
477 978 683 1023 efficiunt
712 978 960 1024 barbarico
984 996 1115 1025 more
1140 979 1332 1025 testudi-

71 1060 179 1092 nata
207 1051 405 1094 turrium
444 1046 573 1094 tegla.
618 1050 822 1112 Phryges
851 1063 994 1107 vero,
1032 1051 1115 1110 qui
1148 1067 1332 1112 campe-

70 1122 232 1167 stribus
268 1124 379 1169 locis
418 1124 524 1169 sunt
554 1124 841 1179 habitantes,
890 1135 1086 1184 propter
1119 1124 1330 1186 inopiam

70 1194 286 1240 filvarum
318 1209 509 1258 egentes,
540 1196 755 1253 materia,
801 1196 979 1258 eligunt
1009 1198 1218 1242 tumulos
1253 1213 1333 1242 na-

70 1270 238 1313 turales
261 1303 275 1325 ‚
307 1259 481 1329 eosque
512 1270 691 1315 medios
723 1269 888 1315 foffura
912 1269 1254 1326 exinanientes,
1286 1272 1330 1317 8c

73 1341 237 1387 itinera
271 1344 612 1403 pe1·sodiente8‚
661 1343 856 1388 dilatant
893 1343 1056 1402 spatia,
1095 1356 1331 1403 quantum

72 1425 234 1459 natura
258 1416 347 1460 loci
373 1417 562 1476 patitur.
609 1415 800 1476 Insuper
830 1427 988 1460 autem
1018 1416 1187 1476 stipites
1211 1418 1330 1463 intet

71 1483 116 1528 se
139 1484 410 1547 religantes,
443 1499 587 1531 metas
610 1485 845 1541 efficiunt,
880 1501 991 1544 quas
1021 1486 1331 1531 arundinibus

72 1557 114 1604 86
143 1559 396 1604 stramentis
427 1572 659 1624 tegentes,
684 1571 960 1621 exaggerant
992 1558 1125 1619 supra
1157 1561 1334 1606 habita-

69 1630 220 1676 tiones
252 1632 480 1677 maximos
509 1648 697 1695 grumos
731 1648 755 1676 e
789 1644 916 1676 terra.
953 1631 1020 1675 Ita
1053 1632 1227 1678 hiemes
1257 1650 1332 1678 ca·-

69 1703 325 1760 lidiffimas,
363 1705 547 1749 aestates
586 1702 881 1766 frigidiffimas
913 1704 1146 1761 efficiunt,
1183 1702 1332 1752 tec‘to-

72 1792 175 1820 rum
205 1776 393 1822 ratione.
431 1776 659 1821 Nonnulli
694 1791 752 1820 ex
783 1777 890 1820 ulva
927 1776 1112 1835 palustri
1144 1793 1332 1838 compo-

74 1861 198 1893 nunt
230 1850 412 1913 tuguria
444 1848 575 1894 tedia.
623 1847 769 1908 Apud
800 1862 968 1894 ceteras
998 1865 1195 1909 quoque
1222 1867 1333 1913 gen-

73 1931 162 1977 tes,
201 1923 242 1969 86
282 1925 512 1969 nonnulla
554 1925 680 1980 loca,
716 1924 814 1983 pari
854 1924 1084 1982 similique
1117 1924 1329 1981 ratione,

75 1995 275 2042 casarum
308 1999 613 2058 perficiuntur
643 1998 1005 2044 constitutiones.
1041 1998 1154 2043 Non
1178 1999 1331 2043 miuus

76 2066 213 2111 etiarn
243 2067 456 2115 Massiliae
483 2070 851 2115 animadvertere
879 2069 1118 2135 postumus
1146 2071 1238 2116 sine
1258 2083 1330 2116 te-

76 2140 192 2201 gulis
235 2140 417 2189 subaffla
457 2160 566 2189 cum
611 2145 751 2204 paleis
794 2156 909 2189 terra
949 2141 1078 2189 testa.
1138 2145 1330 2190 Athenis

79 2213 306 2276 Areopagi
338 2219 625 2278 antiquitatis
654 2220 891 2278 exemplar
929 2219 989 2263 ad
1020 2220 1110 2264 hoc
1144 2229 1329 2278 tempus

79 2288 181 2331 luto
221 2285 410 2334 tefflum.
456 2291 574 2336 Item
606 2292 653 2335 in
689 2290 920 2350 Capitolio
960 2290 1330 2335 commoneface-

76 2376 126 2405 re
156 2362 304 2420 potest
341 2361 380 2406 ἐξ
413 2363 656 2422 significare
690 2380 841 2407 mores
874 2362 1105 2407 vetustatis
1138 2362 1329 2406 Romuli

78 2433 171 2477 casa
204 2433 251 2478 in
287 2451 387 2478 arce
419 2433 645 2478 sacrorum
682 2435 932 2478 stramentis
972 2430 1100 2477 testi.
1161 2432 1226 2477 Ita
1262 2435 1329 2477 his

78 2507 235 2569 signis,
273 2508 332 2552 de
369 2508 568 2567 antiquis
603 2507 952 2555 inventionibus
982 2506 1328 2563 aedificiorum,
