1600 2902
299 156 383 203 DE
414 154 908 203 ARCHITECTURA
940 156 1046 202 LIB.
1083 156 1142 202 X.
1262 168 1352 219 325

97 265 332 326 capreolos
375 264 635 309 collocetur
673 263 956 324 quadratum
992 263 1219 326 tignum,⁴
1255 278 1355 322 qno

95 335 295 397 capreoli
325 337 684 398 coniungantur.
730 337 816 396 Ipsi
847 347 1005 381 autem
1037 335 1252 381 laterariis
1275 335 1358 380 cir—

93 426 144 455 ca
176 409 276 454 fixis
306 410 668 464 contineantur,
712 420 1026 471 teganturque
1056 408 1226 453 tabulis
1259 424 1359 452 ma-

90 481 218 526 xime
243 482 460 541 palmei53
486 483 516 526 fi
545 497 643 526 non
661 515 677 536 ‚
716 497 774 526 ex
805 493 954 526 cetera
981 481 1194 537 sumena,
1232 494 1355 540 quae

93 554 300 599 maxime
334 554 503 599 habere
534 555 684 614 potest
712 555 962 610 virtutem,
983 565 1163 615 praetei=
1187 555 1360 614 pinum

91 639 175 671 aut
205 628 381 671 alnum..
426 627 553 672 Haec
587 628 712 672 enim
742 629 848 671 sunt
876 627 1072 690 fragilia,
1101 628 1142 673 8c
1165 626 1359 671 faciliter

94 701 330 760 recipiunt
360 702 530 763 ignem.
581 701 769 746 Circum
811 702 1016 746 tabulata
1063 702 1357 746 collocentur

95 786 240 818 crates
271 790 329 818 ex
360 773 582 818 tenuibus
611 773 746 835 virgis
772 773 1048 817 creberrime
1078 773 1236 827 textis,
1262 788 1357 816 ma-

94 845 320 904 ximeque
349 845 616 890 recentibus
646 845 883 905 percrudis
922 847 1054 891 coriis
1089 844 1358 905 duplicibus

93 917 321 972 consutis,
342 917 465 962 fartis
490 919 612 981 alga,
639 930 719 962 aut
745 919 885 978 paleis
915 918 963 964 in
990 930 1123 963 aceto
1153 933 1358 962 macera-

92 990 177 1033 tis:
210 990 326 1034 circa
362 1001 543 1052 tegatur
572 991 786 1036 machina
815 1000 925 1036 tota.
970 991 1037 1036 Ita
1065 991 1123 1035 ab
1153 990 1219 1033 his
1249 988 1356 1033 reii-

91 1062 273 1107 cientur
317 1064 476 1127 plagae
522 1063 787 1109 balistarum
814 1097 828 1121 ,
874 1064 914 1110 Sc
952 1063 1157 1124 impetus
1195 1062 1356 1108 incen-

91 1135 295 1181 diorum.

421 1246 459 1293 C
492 1247 533 1292 Α
567 1247 603 1291 Ρ
639 1246 680 1292 U
712 1246 758 1290 T
824 1247 870 1291 X
904 1246 951 1291 X
984 1247 1020 1290 I,

472 1335 543 1380 De
574 1335 669 1379 aliis
701 1335 982 1396 testudinibus.

158 1425 230 1469 Est
257 1436 416 1471 autem
438 1425 479 1471 Sc
502 1425 629 1470 ali-ud
659 1441 802 1488 genus
833 1426 1098 1481 testu-dinis,
1130 1426 1263 1485 quod
1290 1442 1360 1470 re·

91 1498 222 1556 liqna
251 1498 408 1541 omnia
440 1497 583 1541 habet
617 1496 1030 1555 quemad-modum
1067 1515 1188 1557 quae
1221 1499 1358 1558 supra

91 1570 256 1630 scripta
279 1570 413 1627 sunt,
435 1582 616 1631 praeter
644 1571 913 1629 capreolos:
959 1570 1039 1614 sed
1065 1570 1207 1615 habet
1237 1572 1356 1616 circa

93 1644 312 1702 pluteum
353 1644 393 1689 Sc
434 1644 598 1703 pinnas
631 1660 690 1687 ex
721 1642 917 1698 tabulis,
941 1644 982 1687 Xc
1014 1643 1217 1702 superne
1251 1642 1362 1688 sub-

92 1713 294 1773 grundas
329 1713 639 1773 proclinatas,
676 1714 909 1773 supraque
945 1714 1115 1758 tabulis
1152 1715 1191 1758 &⁹
1224 1716 1360 1760 coriis

94 1786 287 1831 firmiter
323 1786 423 1830 fixis
456 1786 774 1830 continentur.
833 1786 1029 1845 Insuper
1060 1803 1171 1831 veto
1208 1789 1362 1849 argilla

96 1875 207 1904 cum
243 1859 410 1919 capillo
446 1855 656 1913 subafia,
693 1857 752 1902 ad
776 1874 880 1902 eam
907 1859 1250 1904 craffitudinem
1286 1861 1360 1906 in-

97 1929 312 1985 ducatur,
353 1941 405 1974 ut
440 1930 554 1992 ignis
589 1930 788 1974 omnino
819 1946 917 1974 non
948 1930 1081 1989 poffit
1110 1932 1148 1974 ei
1184 1931 1359 1976 machi-

97 2019 183 2047 nae
207 2019 388 2047 nocete.
424 2004 616 2048 Possunt
645 2016 831 2058 autem,
864 2005 894 2048 sl
925 2021 1044 2064 opus
1078 2005 1249 2062 fuerit,
1279 2024 1357 2052 eae

97 2076 340 2119 machinae
370 2093 429 2119 ex
460 2074 566 2120 οξὶυ
590 2075 700 2119 rotis
725 2075 835 2131 effe,
871 2077 900 2119 li
931 2076 992 2120 ad
1019 2078 1109 2121 loci
1141 2090 1359 2123 naturam

96 2148 159 2191 ita
184 2164 300 2208 opus
325 2148 462 2193 fuerit
491 2160 763 2209 temperare.
811 2152 947 2218 Quae
981 2162 1143 2195 autem.
1162 2152 1356 2196 testudi-

99 2236 180 2265 nes
210 2220 269 2264 ad
305 2221 591 2266 fodiendum
624 2234 980 2282 comparantur,
1015 2228 1148 2281 ὅρυγες
1183 2226 1359 2271 Graece

98 2289 337 2335 dicuntur.
383 2293 545 2337 Cetera
580 2294 737 2338 omnia
760 2295 960 2350 habent,
996 2297 1062 2340 uti
1095 2296 1228 2356 supra
1252 2297 1359 2343 scri-

90 2374 236 2422 =ptum
265 2364 339 2408 est.
377 2364 565 2409 frontes
584 2377 741 2410 autem
767 2383 928 2412 earum
961 2368 1106 2424 siunt,
1129 2372 1359 2428 quemad-

96 2436 303 2481 modum
341 2437 500 2501 anguli
537 2439 856 2502 trigonorum,
897 2441 963 2485 uti
1002 2458 1029 2484 a
1059 2458 1193 2487 muro
1236 2445 1354 2503 tela,

996 2507 1103 2569 X3
