1600 2902
212 227 297 274 20'
455 223 522 269 M.
558 221 851 270 VITRUVII
882 222 1223 271 POLLIONIS

208 352 305 397 que
337 333 663 379 membrorum
689 330 898 394 partibus
921 332 1117 378 universl
1146 333 1315 395 operis,
1348 347 1464 380 con·

208 408 399 455 veniens
442 402 643 450 effefflus.
699 403 948 465 Dispositio
989 415 1147 450 autem
1189 405 1250 450 est
1304 422 1463 450 rerum

207 491 314 541 apta
340 477 585 524 collocatio
609 512 621 533 ,
655 477 933 539 elegansque
967 476 1017 522 in
1046 478 1464 538 compositionibus

206 547 395 597 effestus
419 548 569 608 operis
591 564 702 592 cum
733 549 967 609 qualitate.
1002 547 1184 608 Species
1208 547 1467 609 dispositio-

207 625 315 680 nis,
367 637 489 682 quae
529 620 702 665 Graece
749 621 974 666 dicuntur
1017 621 1138 671 ἰδέαι,
1187 619 1273 665 hae
1320 619 1460 665 sunt:

207 693 570 758 ichnographia,
616 693 938 757 orthographia
965 727 980 749 ,
1030 693 1072 740 8c
1118 693 1460 756 scenographia.

206 767 546 831 ichnographia
578 767 641 812 est
668 767 824 813 circini
842 769 1125 829 regulaeque
1145 766 1332 812 modice
1355 782 1464 812 con-

208 842 360 886 tinens
398 840 532 894 usuS,
574 855 632 883 ex
673 855 767 897 qua
804 839 1054 899 capiuntur
1092 838 1375 894 formarum,
1414 837 1466 883 in

207 914 310 959 solis
340 926 576 967 arearum,
616 909 958 971 descriptiones.
1003 910 1349 974 Orthographia
1382 925 1466 954 au-

207 998 305 1032 tem
335 985 396 1030 est
422 980 570 1029 ereffla
599 982 762 1027 frontis
794 982 946 1045 imago
965 1014 979 1038 ⁷
1020 982 1309 1041 modiceque
1342 978 1466 1042 piCta

207 1056 466 1103 rationibus
500 1053 648 1114 operis
684 1053 831 1098 futuri
869 1054 1024 1115 figura.
1068 1053 1188 1098 Item
1223 1053 1466 1116 scenogra-

207 1129 317 1191 phia
346 1129 408 1173 est
432 1127 596 1172 frontis
627 1126 667 1172 8c
696 1127 893 1171 laterum
921 1126 1275 1172 abscedentium
1298 1126 1467 1170 adurn-

208 1202 359 1247 bratio
382 1235 395 1258 ‚
436 1200 498 1245 ad
536 1198 790 1258 circinique
819 1211 1034 1244 centrum
1069 1200 1289 1244 omnium
1319 1200 1465 1243 linea-

206 1291 315 1321 rum
344 1272 597 1334 responsus
646 1272 744 1316 Hae
780 1271 1030 1317 nascuntur
1061 1287 1120 1316 ex
1145 1270 1428 1334 cogitatione
1449 1303 1463 1326 ‚

205 1350 249 1395 &t
278 1347 565 1393 inventione.
599 1344 831 1408 Cogitatio
857 1345 920 1389 est
948 1360 1054 1390 cura
1079 1343 1217 1388 studii
1243 1345 1403 1404 plena,
1424 1343 1465 1387 Sc

206 1420 457 1465 industriae
492 1416 853 1480 vigilantiaeque
891 1412 1078 1460 effefius
1102 1414 1327 1475 propositi
1354 1430 1466 1459 cum

205 1494 463 1552 voluptate.
495 1488 711 1534 Inventio
739 1500 899 1532 autem
926 1487 987 1530 est
1016 1486 1342 1545 quaestionum
1373 1487 1463 1530 ob-

207 1564 443 1610 scurarum
476 1560 724 1621 explicatio
744 1593 757 1615 ‚
785 1559 1000 1617 ratioque
1035 1572 1185 1601 novae
1214 1557 1279 1601 rei
1304 1556 1463 1619 vigore

206 1635 375 1682 mobili
408 1645 598 1694 reperta.
630 1632 731 1676 Hae
765 1632 872 1676 sunt
897 1629 1247 1675 terminationes
1280 1628 1467 1688 disposi-

210 1711 408 1754 tionum.
449 1705 756 1767 Eurhythmia
800 1703 862 1748 est
895 1702 1084 1748 venusta
1127 1702 1295 1762 species
1334 1718 1467 1746 com-

210 1782 477 1840 modusque
509 1780 558 1822 in
590 1776 1007 1837 composltionibus
1039 1775 1361 1820 membrorum
1390 1774 1468 1820 ad-

209 1850 400 1914 spedus.
438 1851 564 1895 Haec
599 1849 811 1903 efficitur,
831 1863 937 1891 cum
962 1846 1174 1891 membra
1193 1846 1342 1906 operis
1357 1860 1468 1890 con·

209 1925 443 1972 venientia
464 1923 597 1977 sunt,
629 1920 884 1965 altitudinis
915 1918 973 1963 ad
1008 1917 1306 1964 latitudinem
1330 1949 1343 1972 ,
1367 1916 1466 1961 lati-

208 1997 383 2043 tudinis
410 1995 468 2039 ad
491 1992 839 2056 longitudinem
856 2027 869 2047 ‚
895 1993 935 2037 &
964 1990 1022 2035 ad
1046 1990 1276 2035 summam
1302 1989 1460 2033 omnia

206 2068 518 2129 respondeant
531 2067 634 2111 suae
653 2064 959 2124 symmetriae.
981 2063 1102 2106 Item
1120 2059 1388 2121 symmetria
1403 2058 1465 2104 est

210 2158 269 2186 ex
298 2140 434 2201 ipsius
460 2138 609 2198 operis
642 2137 863 2181 membris
883 2134 1167 2181 conveniens
1192 2130 1464 2186 consensus,

210 2229 269 2258 ex
303 2211 612 2272 partibusque
646 2208 886 2268 separatis,
932 2207 991 2251 ad
1028 2206 1263 2251 universae
1294 2205 1466 2267 figurae

209 2286 439 2345 speciem,
475 2293 596 2328 ratae
627 2282 766 2343 partis
796 2281 1061 2342 responsus:
1103 2291 1157 2325 ut
1183 2280 1232 2324 in
1264 2277 1467 2322 hominis

209 2371 406 2414 corpore
437 2372 461 2399 e
486 2355 675 2409 cubito,
705 2353 827 2414 pede
847 2386 861 2409 ,
891 2354 1050 2412 palmo
1070 2386 1083 2408 ‚
1125 2351 1305 2414 digito,
1341 2360 1466 2393 cete-

211 2428 365 2486 risque
400 2429 605 2489 partibus
643 2428 916 2489 symmetros
955 2428 1041 2482 est,
1082 2427 1140 2471 fic
1172 2425 1233 2470 est
1264 2425 1310 2467 in
1350 2437 1465 2481 ope-

209 2514 316 2543 1um
346 2498 722 2560 perfefflionibus.
766 2500 822 2545 Et
861 2501 1069 2560 primum
1098 2499 1148 2543 in
1178 2495 1368 2542 aedibus
1399 2494 1465 2539 sa·-
