1600 2902
272 196 354 244 DE
384 195 875 242 ARCHITECTURA
913 197 1022 242 LIB.
1057 196 1141 242 IX.
1244 210 1333 262 255

82 306 262 362 dratus„
309 322 518 366 eumque
552 307 813 366 oportuerit
851 307 1023 351 iterum
1059 322 1116 351 ex
1146 305 1337 365 paribus

79 383 296 430 lateribus
324 383 589 443 duplicare,
640 384 748 442 quia
781 383 827 426 id
865 399 1029 444 genere
1065 382 1247 426 numeri
1284 397 1336 427 ac

78 458 545 519 multiplicationibus
579 475 676 502 non
709 458 957 514 invenitur,
985 474 1042 502 ex
1075 457 1336 517 descriptio-

77 535 215 582 nibus
243 536 472 580 linearum
505 534 761 580 emendatis
796 536 1034 596 reperitur.
1081 535 1155 579 Est
1177 546 1337 580 autem

77 613 174 658 eius
216 613 281 657 rei
320 613 431 657 haec
463 610 809 657 demonstratio.
867 611 1134 680 Quadratus
1171 613 1336 666 locus,

76 690 159 750 qui
184 690 268 734 erit
296 690 459 751 longus
485 689 525 734 gc
551 690 668 734 latus
686 688 828 749 pedes
849 688 1019 745 denos,
1047 689 1186 733 efficit
1209 705 1338 734 areae

73 765 217 825 pedes
249 777 456 809 centum.
494 764 681 827 Si'ergo
717 780 834 823 opus
866 764 1004 809 fuerit
1037 781 1147 811 eum
1179 765 1339 826 dupli-

75 855 204 894 care,
225 838 265 884 8:
291 854 440 882 aream
477 838 657 897 pedum
687 838 1006 883 ducentorum
1039 839 1151 883 item
1181 857 1238 884 ex
1260 858 1339 900 pa-

74 915 202 960 ribus
230 915 447 959 lateribus
480 914 651 967 facere,
688 913 1009 973 quaerendum
1047 916 1155 969 etit,
1192 932 1338 974 quam

75 1006 297 1052 magnum
336 991 452 1034 latus
481 990 576 1034 eius
607 991 817 1050 quadrati
854 991 960 1046 fiat,
994 1003 1047 1035 ut
1075 1007 1134 1036 ex
1161 1008 1216 1036 eo
1253 993 1341 1036 du-

75 1065 201 1110 centi
237 1065 377 1125 pedes
414 1066 812 1126 duplicationibus
848 1082 975 1110 areae
1010 1060 1337 1126 respondeant.

73 1139 133 1184 Id
161 1150 319 1184 autem
350 1157 548 1184 numero
575 1157 718 1186 nemo
752 1141 902 1201 potest
931 1141 1166 1185 invenire:
1210 1158 1341 1187 nam-

76 1217 219 1276 quefi
238 1229 332 1262 XIV
354 1218 723 1274 constituentur,
752 1230 888 1262 erunt
920 1218 1220 1278 multiplicati
1265 1238 1340 1281 pe·

77 1292 156 1336 des
187 1304 355 1336 CXCVI.
425 1290 472 1335 Si
497 1303 600 1346 XV,
639 1292 782 1351 pedes
818 1305 997 1336 ccxxv.
1064 1292 1184 1354 Ergo
1216 1310 1341 1353 quo-

76 1367 202 1412 niam
234 1366 283 1410 id
316 1382 414 1410 non
449 1365 707 1425 explicatur
737 1381 936 1410 nurnero
976 1366 1023 1410 in
1054 1382 1110 1410 eo
1143 1368 1343 1425 quadra-

76 1453 126 1488 to
165 1443 307 1503 longo
345 1442 384 1487 Sc
420 1442 513 1485 lato
550 1440 691 1501 pedes
723 1441 887 1485 decem
909 1475 921 1495 ‚
963 1456 1084 1500 quae
1114 1441 1254 1486 fuerit
1285 1444 1341 1486 li—

75 1533 162 1561 nea
192 1517 251 1561 ab
286 1518 458 1578 angulo
492 1516 550 1559 ad
582 1517 805 1576 angulum
844 1515 1086 1578 diagonios
1113 1517 1342 1575 perduca-

76 1604 181 1646 tur,
202 1592 271 1637 uti
303 1591 537 1636 dividatur
571 1592 618 1636 in
650 1591 748 1635 duo
773 1591 954 1654 trigona
975 1607 1125 1651 aequa
1159 1594 1339 1655 magni-

75 1666 276 1723 tudine,
314 1667 487 1729 fingula
525 1683 652 1711 areae
691 1666 872 1726 pedum
915 1667 1335 1729 quinquagenum:

77 1741 138 1786 ad
184 1741 279 1786 eius
323 1742 470 1786 lineae
514 1741 764 1803 diagonalis
815 1741 1165 1803 longitudinem
1210 1744 1343 1789 locus

77 1816 328 1875 quadratus
345 1815 532 1874 paribus
546 1816 766 1861 lateribus
785 1815 1078 1861 describatur.
1104 1818 1169 1863 Ita
1190 1835 1337 1878 quam

78 1907 244 1954 magna
285 1891 384 1936 duo
417 1891 595 1953 trigona
625 1892 671 1935 in
710 1891 890 1936 minore
931 1892 1158 1950 quadrato
1201 1895 1339 1952 quin-

79 1983 346 2029 quagenum
379 1967 563 2026 pedum
603 1967 722 2011 linea
765 1968 979 2030 diagonia
1015 1968 1189 2012 fuerint
1219 1970 1339 2014 defi-

79 2053 214 2103 gnata
230 2075 242 2096 ,
272 2041 431 2085 eadem
454 2042 778 2104 magnitudine
799 2044 839 2088 8c
861 2044 1028 2087 eodem
1052 2044 1230 2102 pedum
1260 2062 1340 2089 nu-

78 2133 209 2161 rnero
244 2130 446 2175 quatuor
479 2118 523 2161 in
558 2118 730 2161 maiore
766 2131 902 2162 erunt
935 2116 1104 2164 effecta.
1144 2119 1242 2164 Hac
1272 2137 1342 2164 ra-

78 2192 208 2236 tione
237 2192 492 2251 duplicatio
517 2193 776 2254 grammicis
803 2195 1061 2239 rationibus
1081 2212 1102 2238 a
1125 2196 1337 2252 Platone,

80 2267 150 2311 uti
181 2267 242 2310 est
275 2267 454 2311 schema
485 2268 816 2328 subscriptum,
851 2268 939 2313 fuit
967 2269 1207 2329 explicata.

185 2429 309 2481 vulgo
337 2427 385 2468 sic
411 2428 500 2467 dieii
536 2429 683 2470 affatim
719 2430 1005 2479 demonstrant,
1049 2431 1337 2473 praefationem

184 2500 236 2528 eo
265 2501 391 2542 usque
426 2490 597 2530 extendi.
