1600 2902
257 135 351 195 296
509 130 576 176 M.
613 132 906 180 VITRUVII
938 135 1274 184 POLLIONIS

256 237 580 298 epistyliorum
613 236 851 296 vecturae,
883 240 1002 284 filius
1032 243 1341 303 Ctefiphontis
1368 242 1516 290 Meta·

255 324 395 370 genes
431 311 664 355 transtulit
704 328 806 356 eam
844 311 1074 357 rationem
1106 331 1130 358 e
1159 315 1401 375 scaporum
1437 333 1518 360 ve-

254 379 383 426 &ura
421 383 561 428 etiam
594 384 641 427 in
683 384 1003 444 epistyliorum
1045 384 1337 433 deduffione.
1391 389 1519 433 Fecit

255 457 383 501 enim
406 471 523 503 rotas
552 459 727 503 circiter
751 458 930 517 pedum
957 457 1264 515 duodenum,
1297 462 1338 507 8c
1358 463 1519 523 episty-

253 530 427 576 liorum
448 531 597 592 capita
615 531 662 575 in
683 531 857 575 medias
877 544 996 576 rotas
1016 532 1181 577 eadem
1201 533 1378 578 ratione
1404 551 1515 579 cum

252 602 540 648 chodacibus
572 604 610 647 Sc
638 603 823 648 armillis
854 603 1050 648 inclufit.
1100 605 1166 649 Ita
1190 620 1297 649 cum
1326 606 1517 650 trientes

251 690 277 718 a
309 673 468 720 bubus
499 675 783 721 ducerentur
802 710 815 731 ,
861 676 910 720 in
938 676 1123 721 armillis
1153 676 1315 721 inclusi
1346 677 1516 721 choda-

251 765 326 795 ces
355 751 599 795 versabant
636 763 768 794 rotas.
830 749 1050 810 Epistylia
1087 766 1198 794 vero
1236 750 1407 794 inclusa
1443 749 1513 794 uti

248 839 357 867 axes
400 823 447 867 in
484 824 627 878 rotis,
681 822 845 868 eadem
889 823 1069 868 ratione
1109 839 1204 882 qua
1236 822 1382 883 scapi,
1420 822 1515 866 fine

249 911 383 940 mora
421 896 480 940 ad
514 913 632 957 opus
668 907 999 957 pervenerunt.
1068 896 1315 956 Exemplar
1352 906 1514 939 autem

249 967 337 1012 erit
365 968 461 1012 eius
483 1001 496 1021 ‚
521 968 931 1027 quemadmodum
968 969 1017 1014 in
1053 968 1279 1029 palaestris
1313 964 1514 1027 cylindri

249 1051 516 1097 exaequant
551 1039 907 1085 ambulationes.
964 1041 1133 1100 Neque
1173 1041 1261 1085 hoc
1291 1038 1511 1099 potuiffet

246 1110 372 1167 fieri,
394 1112 475 1157 nisi
495 1113 702 1172 primum
729 1113 1058 1173 propinquitas
1088 1113 1209 1158 ess'et.
1251 1113 1363 1157 Non
1384 1112 1511 1155 enim

245 1186 353 1247 plus
378 1185 486 1230 sunt
515 1187 574 1230 ab
597 1186 855 1246 lapicidinis
878 1187 936 1231 ad
960 1187 1123 1233 fanum
1141 1222 1154 1243 ,
1193 1203 1336 1247 quam
1366 1185 1511 1231 millia

243 1253 427 1319 pedum
468 1256 598 1315 octo,
636 1277 723 1305 nec
766 1262 887 1305 ullus
925 1261 987 1305 est
1019 1261 1189 1315 clivus,
1225 1259 1302 1303 sed
1342 1276 1510 1320 perpe-

242 1343 353 1378 tuus
387 1349 589 1393 campus.
639 1334 804 1379 Nostra
843 1351 955 1379 vero
987 1334 1239 1389 memoria,
1289 1349 1397 1377 cum
1429 1348 1510 1377 co-

240 1405 383 1451 losfici
416 1407 644 1466 Apollinis
663 1407 712 1451 in
732 1407 841 1452 fano
868 1408 980 1452 baiis
999 1406 1106 1452 effet
1134 1424 1161 1451 a
1183 1405 1410 1451 vetustate
1434 1404 1508 1448 di-

240 1474 405 1533 fracia,
440 1479 481 1525 Sc
505 1493 768 1525 metuentes
787 1497 847 1526 ne
871 1481 1055 1525 caderet
1080 1497 1131 1524 ea
1162 1480 1304 1523 statua
1324 1478 1364 1522 8c
1386 1477 1508 1523 fran-

239 1562 427 1612 geretur
445 1585 458 1606 ‚
493 1553 768 1597 locaverunt
800 1568 857 1597 ex
878 1552 1050 1597 eisdem
1076 1551 1331 1611 lapicidinis
1357 1552 1504 1597 basim

241 1623 571 1668 excidendam.
609 1624 855 1669 Conduxit
881 1625 1074 1684 quidam
1098 1623 1338 1669 Paeonius.
1374 1624 1504 1666 Haec

238 1708 401 1741 autem
444 1697 556 1741 basis
596 1709 690 1742 erat
725 1699 865 1760 longa
901 1698 1044 1757 pedes
1079 1697 1361 1751 duodecim,
1413 1697 1503 1741 lata

237 1770 382 1832 pedes
417 1768 544 1825 ocio,
586 1773 676 1816 alta
718 1771 863 1831 pedes
896 1771 985 1816 sex.
1041 1771 1201 1839 Quam
1242 1768 1504 1825 Paeonius,

237 1843 383 1906 gloria
428 1844 597 1899 fretus,
645 1861 743 1890 non
787 1844 857 1890 uti
891 1845 1157 1907 Metagenes
1198 1842 1501 1903 apportavit,

236 1917 320 1964 sed
352 1918 518 1963 eadem
542 1919 720 1963 ratione
749 1920 839 1964 alio
860 1934 1026 1982 genere
1060 1916 1298 1961 constituit
1324 1915 1502 1960 machi-

234 2006 348 2036 nam
391 1989 549 2035 facere.
590 1990 730 2035 Rotas
773 1992 898 2035 enim
935 1990 1113 2035 circiter
1142 1989 1324 2049 pedum
1360 1987 1503 2046 quin-

236 2062 391 2107 decim
421 2062 555 2117 fecit,
593 2063 633 2110 ἓξ
668 2064 734 2107 his
763 2064 873 2108 rotis
910 2064 1058 2123 capita
1092 2062 1254 2122 lapidis
1288 2062 1496 2108 inclufit:

234 2132 409 2178 deinde
455 2134 569 2178 circa
601 2134 805 2194 lapidem
836 2134 957 2179 fusos
995 2135 1266 2179 sextantales
1298 2134 1356 2178 ab
1396 2145 1499 2178 rota

232 2206 293 2251 ad
326 2219 477 2251 rotam
506 2208 564 2252 ad
607 2208 834 2253 circinum
866 2209 1135 2270 compegit,
1176 2208 1237 2253 ita
1273 2207 1343 2253 uti
1374 2206 1497 2252 fusus

232 2296 258 2324 a
279 2278 380 2324 fuso
414 2295 511 2324 non
546 2280 728 2325 distaret
752 2280 924 2340 pedem
958 2297 1124 2327 unum.
1171 2280 1360 2325 Deinde
1378 2280 1494 2323 circa

234 2349 358 2395 fusos
387 2350 552 2396 funem
583 2352 811 2407 involvit,
855 2351 899 2398 &5
935 2351 1095 2396 bubus
1133 2349 1298 2397 iunctis
1329 2350 1493 2396 funem

234 2421 466 2478 ducebat3
506 2425 569 2470 ita
602 2441 712 2470 cum
741 2424 1054 2486 explicaretur
1090 2423 1311 2472 volvebat
1341 2432 1492 2468 rotas:
