1600 2902
251 146 331 188 3⁴4
565 133 1217 180 ARCHITECTURAE

249 226 429 275 mensas;
457 237 614 277 tamen,
636 240 801 283 propter
826 229 976 283 saporis
1006 231 1270 285 integritatem
1286 264 1297 282 ,
1329 232 1519 276 fietilibus

251 288 425 327 vasculis
451 300 631 330 utuntur.
665 291 759 331 Non
785 291 955 333 alienum
984 293 1141 338 videtur
1157 325 1168 342 ‚
1193 297 1311 334 etiam
1337 310 1519 351 recepta-

251 349 342 387 cula
364 350 462 389 locis
487 353 727 404 opportunis
754 352 910 403 facere,
941 366 986 395 ut
1012 354 1037 393 si
1067 368 1193 407 aquae
1225 357 1431 397 exhaustae
1454 358 1519 397 so-

250 407 300 447 lis
326 410 534 452 ardoribus
559 411 738 462 fuerint,
776 426 846 454 aut
882 428 1005 455 venas
1031 414 1163 455 sitiens
1189 426 1293 456 terra
1328 417 1517 458 consum-

251 466 344 508 serit
359 500 370 516 ,
393 471 646 513 nihilominus
668 475 715 513 de
745 477 1009 529 receptaculis
1025 490 1130 530 aqua
1151 478 1402 519 ministretur.
1437 480 1518 520 Ca-

250 529 401 569 nalium
425 545 525 572 vero
559 535 600 574 &
635 535 867 576 tubulorum
900 538 1122 596 ligneorum
1151 538 1276 581 facilis
1308 541 1348 581 &
1377 541 1516 583 usitata

249 604 381 650 aquae
409 595 582 638 inductio
604 598 783 645 videtur,
836 632 839 639 ,

810 687 960 728 VII.

538 764 596 805 De
620 765 781 818 menfi'crz's
801 766 835 805 6³
856 769 1002 820 pondere
1022 768 1230 820 fistularum.

303 839 471 880 Fistulae
492 853 588 895 ergo
606 843 839 896 plumbeae,
859 858 934 900 pro
955 846 1223 900 magnitudine
1240 858 1393 899 aquae,
1416 846 1519 886 hanc

249 903 487 944 soliditatem
516 906 555 946 &
586 909 806 948 mensuram
834 910 1014 961 accipere
1045 910 1260 950 debebunt.
1311 910 1350 949 Si
1379 921 1520 949 cente-

248 968 385 1006 nariae
405 967 620 1010 fundentur
639 971 784 1012 denum
809 973 952 1027 pedum
969 1005 980 1022 ,
1024 974 1082 1013 M.
1103 975 1144 1015 δι
1163 974 1249 1014 CC.
1266 975 1332 1013 lib.
1361 972 1520 1013 fusurae

245 1029 456 1081 accipiant.
491 1031 782 1085 Ociogenariae
798 1036 941 1075 denum
959 1036 1103 1089 pedum
1122 1068 1134 1084 ,
1158 1035 1429 1077 DCCCCLX.
1450 1036 1519 1075 lib.

246 1092 458 1144 accipiant.
506 1093 884 1148 Quinquagenariae
907 1098 1051 1138 denum
1078 1097 1247 1150 pedum,
1277 1096 1518 1137 DCLXXX.

245 1152 314 1192 lib.
334 1155 544 1208 accipiant.
576 1155 931 1211 Quadragenariae
961 1161 1108 1200 denum
1132 1161 1300 1214 pedum,
1329 1159 1421 1200 DC.
1447 1160 1516 1198 lib.

245 1214 504 1258 Tricenariae
521 1219 663 1258 denum
691 1221 856 1273 pedum,
883 1223 1071 1264 CCCCL.
1098 1223 1164 1262 lib.
1188 1223 1428 1263 Vicenariae
1445 1223 1518 1261 de-

245 1289 343 1318 num
365 1279 511 1331 pedum
530 1309 541 1327 ,
572 1280 730 1321 CCXL.
760 1282 826 1322 lib.
853 1283 1095 1324 O&onariae
1117 1284 1164 1325 C.
1189 1283 1257 1324 lib.

776 1368 969 1408 VIII.

592 1450 652 1487 De
668 1463 791 1488 arenae
819 1460 946 1489 natura
971 1451 1165 1502 probanda.

299 1522 458 1562 Arenae
482 1523 649 1564 foffitiae
678 1538 824 1578 genera
853 1525 943 1565 sunt
970 1527 1071 1565 tria:
1098 1527 1232 1578 nigra,
1258 1525 1399 1573 rubra,
1430 1537 1515 1566 car-

245 1585 485 1625 bunuculus.
517 1586 574 1626 Ex
597 1586 677 1634 his,
712 1599 816 1639 quae
843 1600 961 1627 manu
987 1587 1269 1640 comprehensa
1304 1587 1511 1626 stridorem

244 1644 414 1693 fecerit,
459 1648 611 1699 optima
644 1648 685 1687 &
715 1659 879 1700 purgata
918 1649 1006 1686 erit.
1039 1648 1160 1699 Quae
1188 1660 1322 1687 autem
1359 1647 1513 1687 terrosa

241 1704 391 1752 fuerit,
432 1719 600 1759 eamque
629 1707 669 1746 in
708 1707 989 1748 vestimentum
1025 1707 1235 1746 candidum
1270 1705 1299 1744 fi
1340 1705 1513 1754 miseris,

239 1768 284 1807 δε
307 1767 427 1807 effusa
457 1768 484 1807 si
515 1768 610 1808 nihil
641 1768 765 1808 sordis
798 1769 1022 1821 reliquerit,
1049 1770 1192 1808 idonea
1220 1769 1307 1807 erit.
1339 1768 1378 1806 Si
1409 1779 1511 1807 vero

239 1841 323 1868 non
346 1829 468 1869 fuerit
501 1831 605 1870 unde
630 1843 773 1870 arenae
804 1830 1032 1877 fodiantur,
1062 1842 1157 1870 tunc
1176 1831 1224 1870 de
1260 1830 1512 1884 fluminibus,

241 1902 314 1930 aut
335 1891 383 1931 de
405 1892 567 1944 glareis,
601 1892 849 1937 excernenda
879 1893 977 1940 erit,
1017 1904 1086 1931 aut
1120 1892 1167 1930 de
1195 1891 1312 1930 litore
1342 1891 1509 1930 marino.

241 1951 318 1992 Sed
341 1954 489 1992 marina
522 1965 645 1994 arena
671 1954 710 1992 in
741 1953 942 1993 statuaris
973 1954 1048 1993 hoc
1069 1954 1211 1993 vitium
1247 1953 1389 1992 habet:
1425 1964 1509 1991 tar-

241 2015 292 2054 de
313 2015 490 2054 siccatur.
536 2016 654 2055 Unde
686 2016 842 2055 onerari
872 2015 909 2054 se
940 2017 1193 2055 continenter
1221 2028 1302 2055 non
1336 2016 1505 2068 patitur:

242 2075 316 2114 nisi
346 2077 697 2117 intermiffionibus
725 2078 971 2130 requieverit
998 2090 1122 2130 opus,
1160 2078 1336 2132 pondere
1363 2089 1511 2129 grava-

243 2148 285 2177 ta
313 2138 503 2178 strustura
532 2151 751 2194 rumpetur.
783 2140 960 2180 Cameris
989 2141 1108 2178 etiam
1139 2138 1275 2178 salsum
1299 2138 1509 2177 humorem

243 2200 490 2240 remittendo
514 2200 725 2240 teciorium
753 2213 856 2252 opus
881 2200 995 2252 saepe
1022 2199 1196 2240 resolvit.
1230 2198 1412 2241 Foffitiae
1441 2210 1509 2237 ve·

242 2272 291 2299 ro
319 2261 501 2301 celeriter
521 2260 756 2310 ficeescum,
779 2265 818 2301 δι
838 2260 1002 2301 ῐεᾶοτίει
1032 2274 1113 2301 non
1132 2261 1316 2309 laedunt,
1341 2261 1383 2300 &
1410 2271 1507 2299 con-

240 2325 526 2364 camerationes
555 2325 705 2365 utiliter
727 2324 915 2377 obligant.
957 2323 1030 2364 Sed
1051 2323 1219 2363 foffitiae
1237 2333 1417 2362 recentes
1435 2320 1509 2360 sta-

244 2383 314 2421 tim
345 2384 382 2423 in
418 2384 628 2425 structuras
664 2385 765 2425 mitti
791 2385 965 2424 debent:
1003 2383 1150 2424 fortius.
1186 2383 1292 2423 enim
1320 2393 1509 2434 compre·
