1600 2902
283 240 370 297 146
524 235 592 280 M.
629 233 917 281 VITRUvn
948 233 1288 282 POLLIONIS

275 345 409 406 piarii
442 344 590 404 operis
621 342 820 403 speciem
844 341 1121 387 deformatis.
1160 342 1214 387 In
1238 343 1525 389 Graecorum

275 417 462 462 theatris
501 431 599 460 non
649 415 804 459 omnia
841 413 1003 458 iisdem
1044 415 1298 459 rationibus
1330 416 1436 460 sunt
1461 416 1527 460 fa-

274 489 467 534 cienda:
510 488 644 548 quod
665 488 872 548 primum
905 488 952 531 in
989 488 1079 531 ima
1109 488 1432 544 circinatione,
1470 503 1527 534 ut

274 563 325 607 in
344 562 509 606 Latino
535 562 822 623 trigonorum
853 571 1087 618 quatuor,
1125 561 1172 603 in
1202 577 1255 605 eo
1286 562 1526 620 quadrato-

275 653 381 680 rum
414 636 555 679 trium
580 634 735 696 anguli
769 633 1074 677 circinationis
1104 633 1275 677 lineam
1304 646 1522 697 tangunt:

273 709 317 755 Sc
354 709 483 753 cuius
520 706 731 766 quadrati
767 708 883 750 latus
927 705 987 749 est
1030 706 1301 765 proximum
1340 708 1525 762 scenae,

276 780 595 841 praeciditque
624 790 913 824 curvaturam
941 777 1272 832 circinationis,
1307 795 1357 822 ea
1378 779 1526 840 regio·

273 869 336 897 are
371 853 628 913 defignatur
654 851 802 894 finitio
841 850 1087 909 proscenii3
1123 849 1164 894 ὃς
1187 849 1245 892 ab
1267 865 1316 893 ea
1337 850 1524 911 regione

272 924 334 968 ad
361 936 617 969 extremam
654 923 1002 968 circinationem
1028 934 1297 967 curvaturae
1331 924 1526 982 paralle-

274 997 343 1040 los
375 997 493 1039 linea
528 995 815 1058 designatur,
865 994 913 1037 in
952 1010 1043 1052 qua
1067 994 1361 1037 constituitur
1398 993 1525 1038 frons

274 1067 457 1110 scenae:
494 1081 576 1123 per
600 1076 914 1122 centrumque
934 1064 1183 1108 orchestrae
1207 1063 1433 1122 proscenii
1457 1080 1524 1108 re-

272 1138 417 1200 gione
449 1138 687 1196 parallelos
725 1136 844 1180 linea
888 1136 1179 1190 describitur,
1207 1135 1247 1180 ὃς
1283 1152 1374 1194 qua
1406 1136 1524 1181 secat

273 1210 581 1254 circinationis
612 1210 749 1252 lineas
782 1209 944 1252 dextra
973 1225 1031 1257 ac¹
1053 1208 1220 1252 sinistra
1238 1208 1284 1250 in
1304 1209 1523 1253 cornibus

276 1282 553 1342 hemicycli,
589 1293 745 1325 centra
785 1281 1102 1343 designantur:
1134 1281 1175 1326 Sc
1219 1281 1388 1325 circino
1423 1283 1524 1326 col-

272 1357 426 1400 locato
456 1355 502 1398 in
540 1355 700 1399 dextra
734 1355 791 1400 ab
824 1355 1067 1400 intervallo
1094 1355 1264 1400 finistro
1299 1356 1523 1402 circuma-

274 1431 398 1492 gitur
435 1429 671 1474 circinatio
711 1429 769 1473 ad
804 1429 1029 1488 proscenii
1071 1429 1278 1473 dextram
1315 1442 1517 1488 partem:

272 1502 388 1547 item
429 1513 589 1546 centro
623 1502 850 1545 collocato
889 1501 936 1544 in
976 1501 1145 1545 finistro
1177 1517 1323 1545 cornu
1364 1503 1422 1545 ab
1450 1502 1523 1545 in-

274 1574 465 1618 tervallo
497 1573 665 1616 dextro
703 1572 1028 1634 circumagitur
1063 1572 1120 1616 ad
1154 1573 1380 1632 proscenii
1415 1573 1522 1618 smi-

272 1644 405 1688 stram
435 1654 623 1703 partem.
668 1643 737 1687 Ita
762 1643 907 1687 tribus
941 1644 1106 1688 centris
1138 1645 1221 1688 hac
1257 1644 1522 1704 descriptio-

271 1733 362 1771 ne,
411 1716 684 1775 ampliorem
729 1716 904 1760 habent
939 1717 1212 1761 orchestram
1260 1717 1449 1773 Graeci,
1480 1718 1522 1761 gc

270 1789 450 1834 scenam
480 1788 788 1844 recessiorem,
822 1788 1101 1847 minoreque
1135 1787 1384 1834 latitudine
1412 1791 1522 1848 pul-

270 1862 453 1921 pitum,
495 1860 627 1919 quod
669 1866 821 1913 λογεῖον
859 1861 1108 1920 appellant.
1149 1860 1358 1920 Ideoque
1390 1860 1519 1912 apud

270 1953 348 1981 eos
376 1935 531 1997 tragici
551 1935 591 1980 Sc
617 1934 784 1979 cornici
817 1933 989 1978 ac'tores
1027 1934 1073 1977 in
1108 1933 1237 1978 scena
1266 1944 1516 1996 peragunt:

270 2008 437 2066 reliqui
464 2018 619 2051 autem
646 2006 834 2050 artifices
865 2008 961 2051 suas
986 2023 1069 2067 per
1091 2008 1367 2052 orchestram
1391 2024 1519 2066 prae-

268 2081 387 2124 stant
415 2077 624 2125 actiones.
654 2079 817 2138 Itaque
847 2097 905 2124 ex
937 2097 991 2124 eo
1015 2079 1179 2124 scenici
1203 2080 1243 2125 Sc
1275 2079 1517 2140 thymelici

269 2152 445 2197 Graece
469 2153 705 2212 separatim
739 2153 1053 2196 nominantur.
1082 2151 1188 2196 Eius
1218 2152 1338 2212 logei
1361 2153 1517 2196 altitu-

268 2224 332 2268 do
364 2241 462 2269 non
499 2225 652 2269 minus
685 2224 825 2268 debet
848 2225 932 2268 esse
970 2223 1148 2284 pedum
1191 2223 1382 2278 decern,
1417 2239 1514 2267 non

265 2296 371 2354 plus
401 2296 665 2340 duodecim.
708 2295 1009 2340 Gradationes
1034 2296 1252 2340 scalarum
1285 2296 1405 2340 inter
1435 2310 1514 2338 cu-

265 2367 577 2411 neos&sedes
610 2380 768 2411 contra
801 2368 1138 2426 quadratorum
1178 2368 1369 2428 angulos
1405 2365 1514 2408 diri-

265 2450 432 2499 gantur
465 2439 522 2482 ad
550 2439 745 2498 primam
776 2437 1193 2498 praecinciionem:
1230 2439 1287 2482 ab
1309 2454 1359 2481 ea
1385 2453 1512 2496 prae-

267 2507 496 2556 cinctione
523 2512 642 2556 inter
661 2527 729 2555 eas
763 2511 932 2558 iterum
961 2513 1142 2558 mediae
1166 2512 1416 2573 dirigantur
1434 2544 1447 2566 ,
1472 2510 1513 2555 ὃς
