1600 2902
252 210 336 259 DE
376 208 874 257 ARCHITECTURA
910 207 1019 255 LIB.
1055 208 1182 256 VIII.
1263 221 1358 269 229

88 318 230 374 nasci,
268 318 379 362 haec
420 317 607 362 videtur
637 317 816 362 efficere
845 316 960 361 ratio
979 349 994 372 ,
1027 314 1163 375 quod
1192 331 1244 359 ea
1277 315 1357 360 ha-

90 391 172 435 bet
206 390 253 434 in
290 390 333 434 se
366 389 407 435 86
439 392 609 435 calores
643 389 874 445 fervidos,
913 387 1165 448 &spiritus
1191 387 1359 433 imma-

87 480 199 519 nes,
243 464 733 526 refrigerationesque,
793 462 833 507 86
871 478 1100 523 aquarum
1142 476 1362 524 magnam

87 538 463 583 multitudinem.
520 538 592 582 Ex
629 554 685 581 eo
716 552 825 581 cum
853 535 1147 598 refrigeratur
1176 531 1320 579 noclu
1343 567 1360 590 ‚

86 622 341 655 ventorum
388 610 522 656 flatus
563 609 779 654 oriuntur
816 625 900 668 per
938 607 1184 663 tenebras,
1223 607 1265 654 86
1298 605 1360 651 ab

87 680 295 727 humidis
327 683 437 728 locis
457 682 761 745 egrediuntur
791 682 837 725 in
870 681 1171 725 altitudinem
1191 680 1361 736 nubes,

86 755 154 801 sol
194 757 344 802 oriens
387 748 568 817 impetu
614 755 764 817 tangit
812 756 978 801 orbem
1020 767 1194 812 terrae,
1247 767 1356 801 tum

87 838 162 875 ae'r
195 832 253 876 ab
286 832 380 877 sole
415 827 883 892 percalefaCius'cum
921 833 1107 877 roribus
1144 848 1201 877 ex
1238 843 1356 877 terra

87 903 214 947 tollit
249 905 479 949 humores.
525 904 656 949 Licet
694 903 736 949 86
772 920 831 948 ex
865 904 1042 949 balneis
1079 905 1357 964 exemplum

91 990 284 1034 capere:
322 978 480 1021 nullae
507 978 633 1022 enim
664 993 895 1034 camerae,
927 995 1047 1038 quae
1075 979 1183 1022 sunt
1208 977 1358 1023 calda-

89 1046 264 1092 riorum
289 1081 303 1103 ‚
341 1047 477 1109 supra
515 1049 559 1094 se
605 1048 793 1109 possunt
834 1050 1006 1095 habere
1048 1049 1233 1104 fontes,
1277 1048 1360 1093 sed

89 1119 277 1163 coelum
298 1153 310 1174 ‚
345 1120 479 1179 quod
513 1122 575 1165 est
608 1121 706 1178 ibi,
747 1138 804 1167 ex
842 1122 1118 1182 praefurniis
1153 1122 1212 1167 ab
1243 1122 1361 1185 ignis

88 1207 262 1251 vapore
300 1190 656 1253 percalefafflum
684 1209 713 1249 ‚·
746 1195 935 1254 corripit
974 1210 1032 1239 ex
1075 1193 1359 1254 pavimentis

88 1280 288 1323 aquam,
325 1265 365 1311 86
395 1266 547 1311 aufert
570 1265 726 1312 secum
755 1267 804 1311 in
833 1283 1120 1312 camerarum
1149 1278 1362 1311 curvatu-

92 1354 184 1393 ras,
215 1339 256 1385 86
289 1356 389 1384 eam
427 1340 646 1388 sustinet;
688 1339 797 1385 ideo
830 1341 966 1400 quod
999 1341 1178 1400 semper
1210 1356 1361 1400 vapor

93 1410 269 1455 calidus
300 1412 346 1455 in
375 1412 674 1456 altitudinem
712 1411 756 1456 se
791 1412 967 1468 trudit,
1005 1412 1046 1458 86
1074 1413 1226 1472 primo
1256 1428 1359 1457 non

90 1481 346 1528 remittitur
374 1494 568 1543 propter
598 1483 864 1537 levitatem,
897 1484 1030 1527 simul
1058 1495 1217 1528 autem
1253 1486 1360 1544 plus

91 1553 302 1599 humoris
332 1554 473 1599 habet
506 1555 805 1616 congestum,
841 1570 937 1599 non
967 1556 1118 1614 potest
1150 1556 1359 1601 sustineri

93 1638 286 1686 propter
319 1628 617 1688 gravitatem,
652 1626 730 1671 sed
767 1627 901 1671 stillat
934 1628 1066 1687 snpra
1099 1629 1360 1673 lavantium

94 1699 257 1756 capita.
310 1698 378 1743 Ita
416 1715 612 1758 quoque
646 1699 810 1743 eadem
842 1699 1021 1743 ratione
1053 1700 1256 1744 coelestis
1289 1707 1362 1744 a'e'r

96 1786 204 1814 cum
240 1770 296 1814 ab
330 1770 423 1815 sole
452 1772 650 1830 percipit
680 1773 881 1816 calorem
903 1807 914 1827 ‚
949 1788 1009 1816 ex
1042 1773 1264 1817 omnihus
1295 1773 1363 1816 lo·-

97 1843 158 1889 cis
200 1844 456 1889 hauriendo
504 1845 625 1889 tollit
671 1846 890 1889 humores
937 1846 978 1891 86
1017 1857 1267 1908 congregit
1303 1845 1362 1890 ad

94 1915 259 1961 nubes.
295 1916 360 1960 Ita
390 1916 515 1960 enim
545 1928 660 1960 terra
690 1916 869 1961 fervore
901 1914 1018 1962 tadia
1045 1917 1168 1961 eiicit
1190 1918 1360 1960 humo-

97 2003 193 2042 res,
224 1999 275 2031 ut
303 2003 471 2047 corpus
506 1988 706 2031 hominis
742 2005 799 2033 ex
831 1989 980 2034 calore
1014 1989 1186 2033 emittit
1220 1987 1361 2033 sudo·-

99 2073 180 2101 res.
223 2058 402 2103 Indices
431 2071 586 2104 antem
617 2061 721 2105 funt
749 2061 844 2105 eius
871 2061 933 2105 rei
958 2062 1117 2115 venti,
1161 2077 1220 2105 ex
1254 2061 1361 2120 qui-

103 2127 190 2172 bus
220 2131 302 2187 qui
332 2147 355 2174 a
383 2130 668 2192 frigidissimis
700 2132 909 2192 partibus
936 2134 1133 2177 veniunt
1154 2150 1364 2192 procrea-

100 2202 161 2254 ti,
205 2202 472 2261 septemtrio
506 2206 545 2250 86
570 2206 752 2264 aquilo,
785 2217 1059 2250 extenuatos
1086 2207 1363 2251 siccitatibus

102 2272 151 2316 in
185 2281 284 2317 aere
316 2275 448 2320 flatus
488 2276 690 2336 spirant:
733 2279 878 2323 auster
917 2295 1028 2323 vero
1078 2280 1119 2325 86
1156 2280 1360 2338 reliqui,

101 2343 183 2401 qui
217 2361 239 2387 a
269 2344 369 2389 l'olis
400 2349 532 2391 curlu
564 2348 795 2408 impetum
837 2350 1040 2406 faciunt,
1074 2352 1179 2396 sunt
1211 2353 1362 2397 humi-

99 2415 288 2473 diffimi‚
315 2420 355 2464 86
385 2419 564 2479 semper
582 2434 832 2480 apportant
864 2423 1060 2478 imbres,
1087 2425 1219 2482 quod
1252 2441 1358 2485 per-

96 2489 301 2537 calefaCti
340 2493 399 2538 ab
439 2493 710 2558 regionibus
750 2496 939 2544 fervidis
980 2496 1273 2555 adveniunt,
1311 2497 1355 2545 86

1009 2561 1105 2624 P3
