1600 2902
241 151 332 210 248
462 150 530 195 M.
584 150 631 196 V
638 150 881 198 I'TRUVII
914 154 1255 205 POLLIONIS

238 269 330 308 :oc3
383 255 773 317 quadragenariae
798 291 811 313 ,
843 258 1009 317 pondo
1045 273 1329 316 CCCCLXXX3
1370 263 1504 308 trice-

238 328 390 372 nariae
406 362 419 383 ,
451 329 616 388 pondo
645 344 803 375 CCCLX
824 349 835 385 3
877 333 1159 390 vicenariae,
1181 337 1344 396 pondo
1364 351 1502 383 CCXL.

241 400 677 467 Quinumdenum,
716 405 885 464 pondo
920 417 1108 460 CLXXX3
1144 408 1351 464 denum,
1387 427 1506 470 pon-

238 473 302 521 do
342 488 473 530 CXX3
525 475 786 533 odionum,
825 478 992 538 pondo
1027 491 1188 534 XCV13
1231 482 1500 540 quinariae,

236 550 404 609 pondo
431 564 505 595 LX.
550 552 620 596 Ex
650 552 900 596 latitudine
920 566 1078 597 autem
1100 555 1358 599 lamnarum
1382 568 1505 616 quot

240 623 410 685 digitos
453 625 704 671 habuerint
739 638 992 684 antequam
1030 627 1079 670 in
1112 629 1504 674 rotundationem

237 697 520 756 fleelantur,
564 702 947 763 magnitudinum
1000 702 1062 746 ita
1107 702 1299 747 nomina
1347 706 1506 749 conci-

236 770 379 831 piunt
413 772 597 818 fistulae.
655 774 876 833 Namque
909 790 1030 832 quae
1070 775 1225 818 lamna
1262 774 1401 819 fuerit
1438 776 1506 819 di-

236 844 445 905 gitorum
490 847 861 907 quinquaginta,
898 863 1010 891 cum
1051 847 1197 891 fistula
1241 847 1507 907 perficietur

240 931 298 962 ex
330 933 379 960 ea
411 917 565 963 lamna
585 953 595 973 ,
635 919 884 964 vocabitur
917 920 1315 981 quinquagenaria
1335 955 1348 976 ,
1383 921 1507 964 fimi-

236 989 441 1048 literque
470 991 687 1049 reliquae.
744 990 805 1034 Ea
838 1003 997 1035 autem
1037 988 1197 1036 duffio
1219 1026 1232 1046 ,
1271 1009 1392 1051 quae
1424 1009 1508 1053 per

238 1063 406 1107 fistulas
431 1065 675 1123 plumbeas
707 1064 767 1108 est
799 1064 955 1109 futura
975 1100 986 1115 ,
1028 1066 1147 1109 hanc
1191 1066 1382 1111 habebit
1425 1083 1506 1111 ex-

238 1138 535 1198 peditionem
558 1158 566 1182 :
589 1176 591 1180 .
611 1138 745 1198 quod
783 1139 814 1183 fi
851 1149 993 1198 caput
1030 1138 1196 1182 habeat
1228 1139 1509 1184 libramenta

238 1210 296 1254 ad
336 1211 556 1266 moenia,
597 1223 883 1270 montesque
923 1211 1068 1255 medii
1100 1228 1199 1256 non
1235 1212 1409 1256 fuerint
1441 1213 1507 1256 al·-

237 1284 400 1339 tiores,
428 1297 480 1330 ut
507 1286 676 1344 possint
701 1286 1022 1343 interpellare,
1048 1285 1106 1329 sic
1138 1285 1312 1329 neceffe
1341 1286 1402 1329 est
1426 1302 1508 1330 eo„

237 1373 345 1402 rum
377 1359 613 1404 intervalla
639 1358 895 1404 substruere
923 1358 980 1402 ad
1002 1359 1307 1413 libramenta,
1335 1375 1505 1417 quem-

238 1429 503 1476 admodum
536 1431 584 1475 in
614 1432 718 1475 rivis
750 1431 790 1476 Sc
822 1431 1057 1474 canalibus
1088 1427 1266 1474 clidium
1301 1430 1360 1473 est
1386 1447 1397 1477 ;
1440 1430 1507 1477 sm

238 1511 399 1544 autern
437 1517 535 1545 non
571 1503 710 1563 longa
748 1501 832 1544 erit
864 1500 1104 1555 circuitio,
1140 1499 1508 1545 circumdufflio-

239 1571 394 1617 nibus.
437 1571 517 1615 Sin
545 1585 703 1615 autem
730 1573 866 1615 valles
893 1584 1029 1616 erunt
1057 1584 1335 1631 perpetuae,
1360 1572 1407 1615 in
1429 1572 1509 1616 de-

239 1641 413 1686 clinato
450 1644 557 1686 loco
595 1643 748 1687 cursus
782 1643 1063 1704 dirigentur:
1100 1645 1420 1686 cumvenerit
1448 1642 1507 1686 ad

240 1715 419 1769 imum,
458 1732 557 1760 non
595 1717 685 1760 alte
717 1716 1026 1770 substruitur,
1075 1727 1127 1759 ut
1166 1715 1218 1758 slt
1253 1715 1510 1759 libramen-

240 1799 350 1832 tum
378 1805 523 1847 quam
552 1789 892 1851 longiffimmn:
926 1789 1051 1849 (hoc
1080 1800 1240 1837 autern
1279 1789 1364 1832 erit
1396 1805 1510 1832 ven-

239 1873 336 1917 ter,
364 1862 497 1920 quod
515 1862 677 1906 G1aeci
701 1863 940 1921 appellant
965 1867 1112 1904 κοιλίαν
1132 1862 1173 1920 2)
1200 1861 1372 1905 deinde
1396 1878 1507 1906 cum

240 1935 423 1978 venerit
459 1935 518 1979 ad
564 1935 811 1980 adversum
853 1934 1031 1979 clivum
1056 1969 1069 1990 ,
1117 1935 1226 1993 quia
1270 1950 1327 1978 ex
1363 1936 1508 1996 longo

240 2007 388 2068 spatio
417 2010 588 2052 ventris
612 2009 778 2052 leniter
800 2009 1016 2053 tumescit
1033 2043 1044 2063 ,
1070 2020 1185 2052 tunc
1219 2009 1509 2066 exprimatur

240 2082 291 2127 in
319 2083 620 2128 altitudinem
650 2083 819 2127 summi
854 2083 991 2128 clivi:
1038 2083 1170 2141 quod
1208 2082 1237 2126 si
1270 2099 1366 2126 non
1397 2099 1510 2127 ven-

243 2168 316 2202 ter
344 2158 392 2200 in
423 2158 618 2202 vallibus
645 2154 786 2202 fastus
812 2158 978 2211 fuerit,
1003 2173 1089 2202 nec
1120 2153 1427 2201 substrufium
1451 2156 1511 2200 ad

241 2230 411 2274 libram
446 2227 617 2275 fastum
639 2264 650 2284 ,
691 2230 769 2274 sed
803 2231 1041 2290 geniculus
1073 2230 1185 2283 erit,
1217 2239 1436 2288 erumpet
1470 2229 1510 2272 Sc

240 2302 454 2346 dissolvet
485 2303 735 2347 fistularum
770 2301 1094 2346 commissuras.
1144 2302 1293 2348 Etiam
1322 2302 1368 2344 in
1397 2315 1512 2343 ven-

243 2385 313 2420 tre
338 2376 625 2420 columnaria
660 2374 767 2418 sunt
795 2374 1028 2429 facienda,
1065 2390 1145 2434 per
1177 2390 1296 2432 quae
1326 2373 1391 2416 vis
1420 2371 1511 2430 spi-

241 2448 355 2494 titus
382 2451 626 2496 relaxetur.
653 2449 722 2495 Ita
750 2465 833 2511 per
861 2448 1026 2495 fistulas
1055 2448 1300 2509 plumbeas
1332 2460 1508 2505 aquam
