1600 2902
237 196 319 244 DE
350 195 840 243 ARCHITECTURA
873 195 981 244 LIB.
1014 198 1116 244 VH.
1224 216 1310 248 211

71 319 214 363 quam
249 301 471 348 subtilitas
503 303 682 347 artificis
722 302 965 348 adiiciebat
991 303 1208 363 operibus
1234 322 1318 350 au-

71 374 327 421 fioritatem
349 409 361 430 ,
402 391 528 420 nunc
558 374 819 421 dominicus
851 377 1059 435 sumptus
1095 378 1230 422 efficit
1257 394 1317 422 ne

67 446 355 492 desideretur.
402 447 518 514 Quis
538 447 662 490 enim
685 446 989 505 antiquorum
1009 464 1104 493 non
1133 451 1199 495 uti
1219 467 1319 494 me-

69 520 332 565 dicamento
379 521 523 565 minio
559 536 694 580 parce
733 520 918 566 videtur
953 522 1056 566 usus
1096 522 1212 567 effe?
1254 523 1317 567 At

66 607 194 636 nunc
230 593 384 651 paffim
426 595 705 651 plerumque
749 592 833 635 toti
868 592 1059 652 parietes
1090 594 1319 640 inducun-

65 674 154 707 tur.
190 665 380 708 Accedit
420 665 508 710 huc
554 663 864 723 chrysocolla,
918 665 1122 720 ostrum⁷
1169 683 1318 712 arme-

66 737 198 780 nium
223 756 230 779 ε
279 737 386 780 haec
412 750 519 779 vero
545 750 652 780 curn
677 734 995 791 inducuntur,
1031 738 1107 781 etsi
1134 754 1230 783 non
1255 740 1315 785 ab

64 819 160 852 arte
180 808 285 852 sunt
313 810 457 868 posita
473 843 484 863 ,
523 807 749 870 fulgentes
770 817 925 851 tamen
946 811 1193 855 oculorum
1215 814 1320 858 red-

65 881 187 926 dunt
221 881 359 925 visus:
388 882 428 927 8c
452 881 559 925 ideo
597 880 728 938 quod
757 881 952 940 pretiosa
977 881 1107 937 sunt,
1138 885 1318 945 legibus

64 953 384 1011 excipiuntur,
416 963 467 996 ut
495 969 519 996 a
548 951 772 1006 domino,
804 967 902 995 non
930 968 954 995 a
990 953 1316 1014 redemptore,

61 1026 472 1085 repraesententur.
517 1025 651 1093 Quae
703 1025 1104 1071 commonefacere
1141 1032 1315 1087 potui,

60 1107 115 1141 ut
147 1096 205 1139 ab
231 1112 379 1140 errore
411 1095 703 1151 discedatur,
747 1095 795 1139 in
832 1111 970 1155 opere
995 1094 1186 1143 tectorio
1216 1100 1317 1144 satis

62 1169 269 1229 exposui.
308 1169 443 1214 Nunc
476 1168 532 1212 de
563 1168 938 1227 apparationibus
958 1203 971 1224 ,
1009 1181 1061 1215 ut
1084 1171 1317 1217 succurre-

63 1259 112 1287 re
145 1242 408 1301 potuerint,
457 1241 630 1285 dicam:
667 1241 706 1285 Sc
736 1241 966 1300 primum,
1001 1245 1224 1302 quoniam
1253 1248 1313 1292 de

63 1316 185 1359 calce
214 1313 347 1357 initio
384 1313 446 1357 est
482 1310 688 1367 dictum,
725 1327 853 1358 nunc
888 1313 946 1358 de
977 1330 1208 1361 marmore
1243 1319 1315 1362 di-

63 1387 269 1434 cendum
301 1387 445 1434 restat.

432 1495 762 1545 CAPUT
827 1496 940 1543 VI„

156 1590 226 1636 De
259 1606 489 1636 marmore,
525 1587 719 1651 quomodo
737 1600 917 1650 paretur
949 1589 1006 1633 ad
1028 1590 1212 1635 τεέῖονῑά.

124 1681 330 1726 Marmor
366 1695 461 1723 non
498 1677 665 1722 eodem
701 1693 867 1740 genere
904 1677 1123 1723 omnibus
1155 1680 1310 1743 regioa

60 1754 198 1799 nibus
239 1763 528 1812 procreatur3
574 1749 650 1794 sed
686 1750 969 1809 quibusdam
1002 1752 1111 1795 locis
1145 1754 1309 1815 glebae

61 1828 147 1886 (ut
169 1825 294 1884 salis)
322 1824 455 1868 micas
499 1822 751 1882 perlucidas
788 1822 1006 1867 habentes
1039 1825 1308 1883 nascuntur,

59 1914 181 1957 quae
212 1895 427 1941 contusae
465 1894 505 1940 8<
552 1894 740 1938 molitae
773 1894 997 1954 praestant
1035 1892 1230 1941 tectoriis
1263 1899 1306 1944 Sc

59 1966 304 2012 coronariis
323 1965 541 2024 operibus
562 1964 821 2009 utilitatem.
860 1965 1047 2032 Quibus
1069 1979 1223 2011 autem
1246 1970 1308 2013 Io-

59 2038 119 2082 cis
138 2038 220 2080 hae
239 2038 398 2095 copiae
416 2052 511 2080 non
533 2036 660 2091 sunt,
687 2048 921 2081 caementa
941 2053 1196 2082 marmorea
1213 2073 1226 2093 ‚
1254 2040 1306 2083 sl·-

56 2125 115 2153 ve
129 2108 289 2152 assulae
305 2109 548 2160 dicuntur,
573 2124 690 2166 quae
707 2110 983 2153 marmorarii
1008 2125 1065 2153 ex
1079 2111 1300 2170 operibus

59 2180 306 2235 deiiciunt,
342 2182 442 2240 pilis
468 2180 618 2225 ferreis
637 2182 1022 2235 contunduntur,
1050 2184 1304 2243 cribrisque

60 2265 386 2296 excernuntur.
423 2252 509 2296 Eae
536 2264 691 2297 autem
725 2267 932 2299 excretae
963 2255 1105 2299 tribus
1130 2259 1304 2315 generi-

58 2324 146 2369 bus
172 2324 485 2382 seponuntur,
530 2325 569 2369 8<
606 2341 724 2382 quae
747 2342 846 2384 pars
878 2327 1094 2385 grandior
1132 2328 1300 2386 fuerit,

54 2394 459 2455 quemadmodum
489 2394 619 2453 supra
643 2395 860 2455 scriptum
880 2398 940 2441 est
959 2434 968 2443 ,
1003 2412 1187 2443 arcuato
1209 2401 1301 2459 pri-

55 2484 192 2513 mum
222 2483 332 2512 curn
371 2468 491 2512 calce
528 2467 788 2528 inducitur,
826 2469 997 2515 deinde
1031 2470 1224 2531 sequens
1247 2489 1299 2521 ac

938 2534 1050 2581 02
