1600 2902
300 171 382 219 DE
411 169 899 241 ARCHITECTURA
941 171 1050 219 LIB.
1083 173 1143 220 X.
1263 188 1355 237 3¹9

100 281 317 329 exstantia
348 282 498 327 cheles
534 282 768 328 foraminis
800 295 836 327 S.
872 283 1242 345 plinthigonatos
1278 281 1353 325 fo-

98 356 281 402 raminis
308 364 346 415 ξ,
380 356 420 402 Sc
455 357 654 402 sicilicus.
691 357 841 425 Quod
868 368 1026 404 autem
1059 356 1120 401 est
1150 356 1207 400 ad
1241 372 1355 401 axo-

96 445 185 485 na,
216 430 351 489 quod
383 431 645 490 appellatur
677 429 802 474 frons
828 429 1198 484 transversarius,
1237 428 1358 473 fora-

95 500 282 546 minum
305 502 445 547 trium
481 504 531 560 >ξ<
564 502 840 546 interiorum
866 503 1128 565 regularum
1153 502 1355 547 latitudo

94 569 332 615 foraminis
375 583 415 617 Γ.
457 571 700 615 craslitudo
745 577 770 628 ξ
815 585 858 615 Κ.
901 571 1088 616 cheloni
1132 573 1317 631 replum
1342 606 1357 628 ,

90 644 228 703 quod
265 644 327 688 est
365 645 742 703 operimentum,
784 643 1060 689 securiculae
1096 645 1355 690 includitur

91 727 141 760 LK.
170 715 324 776 scapos
358 717 622 761 climacidos
651 716 851 760 latitudo
878 730 901 760 Z
936 733 977 773 5.
1013 717 1257 762 craliitudo
1285 718 1356 761 fo-

94 787 329 832 raminum
369 801 440 831 xii
476 801 519 831 Κ.
562 785 805 831 craffitudo
843 787 1082 845 quadrati,
1118 789 1254 846 quod
1291 788 1354 833 est

93 857 153 902 ad
183 859 423 903 climacida
451 858 684 903 foraminis
717 871 745 902 F
781 874 820 914 5.
854 857 904 901 in
940 858 1162 901 extremis
1194 872 1238 902 Κ.
1278 875 1357 903 ro-

95 932 235 976 tundi
259 941 414 976 autern
441 932 535 975 axis
571 931 820 975 diametros
852 931 1106 989 aequaliter
1131 931 1216 975 erit
1246 932 1357 976 che-

93 1004 171 1047 les.
218 1001 292 1047 Ad
319 1004 557 1048 claviculas
586 1014 744 1047 autem
774 1014 809 1046 S.
855 1002 1011 1047 minus
1045 1014 1176 1062 parte
1205 1002 1355 1047 sexta-

94 1075 274 1120 decima
306 1091 348 1121 Κ.
396 1077 676 1122 Anteridion
710 1076 961 1138 longitudo
1003 1075 1290 1121 foraminum
1322 1091 1350 1122 F

89 1161 148 1192 ΙΙΙ
176 1163 217 1208 9.
258 1150 460 1194 latitudo
492 1150 540 1193 in
575 1150 670 1193 imo
708 1149 944 1193 foraminis
977 1163 1001 1194 Γ
1021 1149 1071 1205 >3¹<
1102 1149 1148 1192 in
1171 1147 1358 1193 summo

91 1223 334 1268 crassitudo
359 1237 381 1267 z
401 1237 441 1267 Κ.
467 1222 579 1267 Bafis
602 1239 723 1282 quae
743 1224 1003 1282 appellatur
1029 1226 1188 1279 ἐσχάρα
1210 1223 1358 1284 longi·

91 1297 214 1341 tudo
249 1296 529 1341 foraminum
575 1305 586 1356 ξ
617 1304 630 1356 3
663 1305 675 1357 ξ
715 1295 934 1339 antebasis
964 1293 1249 1339 foraminum
1279 1309 1357 1339 1111

283 1369 521 1428 utriusque
570 1368 811 1413 crassitudo
856 1368 896 1413 Sc
942 1366 1176 1422 latitudo,
1239 1366 1361 1412 fora-

90 1441 228 1485 minis
432 1441 765 1502 Compingitur
792 1450 949 1486 autem
974 1439 1169 1483 dimidia
1199 1441 1357 1485 altitu-

90 1512 210 1558 dinis
239 1526 283 1557 Κ.
319 1515 564 1568 columna,
598 1513 799 1558 latitudo
824 1514 864 1558 8:
888 1511 1130 1556 crassitudo
1162 1523 1226 1556 IS.
1251 1513 1357 1556 alti-

89 1584 210 1630 tudo
236 1596 392 1629 autem
424 1601 519 1630 non
546 1586 686 1630 habet
710 1584 946 1630 foraminis
970 1585 1354 1645 proportionem,

92 1655 172 1700 sed
205 1657 289 1702 erit
338 1657 471 1716 quod
504 1674 621 1716 opus
657 1657 741 1701 erit
774 1658 833 1702 ad
871 1658 1006 1702 usum
1034 1658 1255 1702 brachii
1249 1683 1259 1716 ς
1334 1682 1349 1693 ·

87 1728 339 1789 longitudo
362 1729 644 1773 foraminum
667 1743 722 1775 VI
892 1729 1168 1774 crassitudo
1159 1745 1205 1773 in
1233 1730 1356 1774 radi-

89 1815 142 1843 ce
158 1799 391 1845 foraminis
410 1801 457 1845 in
474 1801 690 1846 extremis
712 1814 753 1845 F.
773 1800 845 1844 De
863 1802 1030 1846 balistis
1050 1802 1091 1847 Sc
1109 1803 1354 1862 catapultis

87 1872 401 1930 symmetrias,
428 1890 540 1932 quas
561 1873 766 1917 maxime
794 1873 1034 1933 expeditas
1058 1875 1244 1934 putavi,
1270 1891 1353 1918 ex-

88 1946 234 2004 posui.
289 1947 721 2014 Quemadmodum
757 1959 916 1991 autem
963 1948 1351 1993 contentionibus

88 2031 167 2060 eae
189 2029 536 2077 temperentur,
587 2035 611 2063 e
640 2035 784 2063 nervo
819 2020 1084 2079 capilloque
1115 2019 1243 2063 tortis
1273 2037 1353 2064 ru-

89 2087 338 2144 dentibus,
368 2103 597 2149 quantum
629 2091 1030 2151 comprehendere
1067 2091 1242 2152 scriptis
1264 2108 1351 2152 po-

89 2169 252 2217 tuero,
285 2177 383 2205 non
407 2163 787 2221 praetermittam.
