1600 2902
238 198 336 245 *1'16
489 190 558 242 M.
591 189 885 238 VITRUVII
918 190 1258 240 POLLIONIS

240 317 384 362 opere
415 296 574 356 ἷεᾶὶὶε,
626 298 1006 345 intercludantur
1025 333 1039 357 ‚
1081 301 1142 346 ita
1172 301 1244 347 uti
1273 300 1390 347 fores
1422 301 1507 345 ha⁴

239 377 412 431 beant,
446 390 531 434 per
569 389 684 432 quas
727 372 893 418 itinera
921 389 1100 433 pronao
1137 376 1261 421 fiant.
1322 377 1444 421 Item
1472 375 1504 419 fi

239 449 388 494 maior
421 448 509 493 erit
530 447 759 503 latitudo,
792 463 939 507 quam
962 447 1107 508 pedes
1129 461 1223 505 XL,
1252 450 1503 495 columnae

239 535 400 569 contra
429 523 643 584 regiones
678 523 1040 577 columnarum,
1076 537 1196 581 quae
1228 523 1348 567 inter
1378 532 1507 566 antas

236 599 371 652 sunt,
408 596 630 642 introrsus
665 597 988 650 collocentur,
1025 593 1066 639 86
1094 611 1173 639 eae
1204 594 1501 640 altitudinem

236 669 440 714 habeant
482 685 664 729 aeque,
715 685 861 729 quam
902 685 1023 728 quae
1070 666 1178 712 sunt
1224 667 1272 712 in
1321 667 1502 712 fronte:

236 741 548 788 craslitudines
591 752 752 786 autem
788 757 948 786 earum
980 751 1300 786 extenuentur
1332 740 1399 783 his
1431 755 1503 783 ra-

233 812 477 867 tionibus,
506 812 578 856 uti
616 812 645 856 fi
680 808 839 856 oeiava
869 823 1002 871 parte
1040 824 1205 867 erunt,
1244 826 1363 871 quae
1395 810 1504 854 sunt

233 886 284 930 in
319 885 504 941 fronte,
543 885 628 929 hae
661 885 774 930 fiant
811 899 985 930 novem
1018 896 1198 945 partes3
1238 884 1305 930 sm
1344 895 1505 928 autem

233 975 362 1004 nona
387 970 468 1003 aut
501 957 711 1014 decima,
745 974 831 1018 pro
860 969 953 1003 rata
981 968 1112 1018 parte
1144 958 1275 1002 fiant.
1315 959 1371 1002 In
1390 971 1505 1001 con-

228 1032 361 1078 cluso
393 1031 520 1076 enim
547 1039 648 1076 aere
672 1032 701 1076 si
729 1048 852 1092 quae
885 1042 1164 1076 extenuatae
1198 1041 1362 1085 erunt,
1399 1044 1501 1074 non

232 1106 561 1151 discernentur
582 1125 590 1149 ε
616 1106 680 1149 sm
710 1117 868 1150 autern
901 1105 1193 1150 videbuntur
1216 1102 1503 1167 gracilioreS,

227 1194 345 1224 ‘cum
367 1177 674 1222 exterioribus
707 1178 881 1222 fuerint
915 1178 1040 1222 striae
1071 1177 1235 1239 viginti
1265 1186 1502 1235 quatuor,

232 1250 282 1293 in
326 1250 392 1294 his
432 1249 672 1294 faciendae
721 1261 861 1294 erunt
903 1262 1075 1294 XXVIII
1114 1260 1193 1295 aut
1235 1260 1389 1292 XXXII.
1432 1247 1503 1291 Ita

233 1324 371 1385 quod
393 1324 662 1368 detrahitur
695 1323 754 1369 de
774 1340 974 1384 corpore
1001 1323 1152 1383 scapi,
1186 1322 1393 1367 striarum
1413 1336 1502 1365 nu-

232 1414 367 1443 mero
410 1394 591 1442 acliecto
634 1397 947 1460 adaugebitur
986 1398 1166 1443 ratione
1206 1413 1305 1456 quo
1344 1395 1503 1440 minus

231 1470 498 1525 videbitur3
546 1470 587 1515 86
633 1471 695 1515 ita
733 1470 1076 1530 exaequabitur
1116 1468 1282 1529 dispari
1320 1467 1502 1512 ratione

232 1545 565 1589 columnarum
587 1543 847 1588 craffitudo.
877 1544 981 1587 Hoc
1006 1551 1165 1585 autem
1195 1539 1335 1584 efficit
1361 1555 1412 1583 ea
1436 1554 1503 1582 ra-

229 1617 320 1672 tio,
363 1615 498 1676 quod
541 1617 704 1660 oculus
730 1616 865 1675 plura
899 1615 939 1660 86
970 1615 1199 1660 crebriora
1241 1614 1363 1676 signa
1397 1625 1502 1658 tan-

230 1689 392 1754 gendo
413 1689 588 1734 maiore
606 1687 725 1733 visus
743 1687 1018 1733 circuitione
1041 1697 1330 1750 pervagatur.
1358 1687 1500 1731 Nam-

231 1781 328 1825 que
363 1764 393 1807 fi
431 1762 551 1807 duae
585 1763 835 1807 columnae
871 1778 1021 1822 aeque
1056 1760 1216 1807 crassae
1251 1760 1382 1805 lineis
1414 1760 1502 1804 cir·-

228 1836 637 1893 cummetientur,
691 1851 716 1880 e
760 1836 938 1895 quibus
972 1852 1066 1881 una
1100 1836 1153 1880 sit
1189 1850 1285 1879 non
1319 1834 1498 1890 striata,

229 1907 272 1953 86
301 1910 440 1953 altera
471 1907 617 1952 ssriata
637 1939 650 1963 ,
688 1907 729 1951 86
757 1909 873 1953 circa
906 1909 1112 1971 strigium
1147 1924 1255 1953 cava
1282 1905 1322 1950 86
1352 1921 1502 1968 angu-

229 1983 298 2026 los
339 1981 545 2025 striarum
583 1981 705 2025 linea
736 1997 933 2042 corpora
978 1992 1166 2044 tangat,
1215 1979 1391 2024 tametsi
1421 1995 1500 2024 co-

227 2055 421 2097 lumnae
452 2068 603 2112 aeque
641 2052 802 2097 crassae
834 2053 1035 2110 fuerint,
1069 2055 1218 2098 lineae
1258 2069 1380 2113 quae
1415 2053 1500 2096 cir-

229 2125 478 2169 cumdatae
529 2135 696 2180 erunt,
749 2141 847 2170 non
896 2140 1034 2171 erunt
1075 2127 1315 2183 aequale53
1362 2125 1496 2184 quod

226 2199 438 2243 striarum
474 2198 516 2244 86
557 2198 763 2261 strigium
802 2199 1021 2244 circuitus
1064 2199 1290 2244 maiorem
1335 2198 1499 2244 efficiet

229 2271 380 2316 lineae
405 2271 768 2333 longitudinem.
809 2269 890 2315 Sin
923 2284 1081 2316 autem
1110 2273 1198 2316 hoc
1224 2273 1285 2317 ita
1316 2270 1499 2317 videbi-

225 2355 331 2398 tur,
355 2359 453 2388 non
475 2344 536 2387 est
566 2344 770 2387 alien-um
804 2343 852 2388 in
877 2345 1073 2406 angustis
1104 2345 1215 2389 locis
1235 2344 1275 2389 86
1311 2344 1357 2387 in
1383 2357 1498 2385 con-

226 2416 356 2459 cluso
388 2415 535 2475 spatio
567 2415 822 2479 graciliores
846 2404 1177 2462 columnarum
1212 2414 1495 2477 symmetrias

230 2488 279 2531 in
318 2505 458 2549 opere
493 2490 775 2536 constituere
800 2523 813 2548 ‚
863 2506 973 2536 cum
1010 2491 1263 2536 habeamus
1303 2486 1497 2532 adiutri-
