1600 2902
265 222 351 269 DE
383 221 449 267 M.
480 221 798 269 VITRU'VIO
829 221 1173 269 POLLIONE.
1228 236 1361 271 XXXI

94 339 174 367 tem
191 327 238 367 ad
257 327 377 368 finem
395 339 476 366 non
498 327 787 380 perducerent,
803 337 872 368 aut
889 326 928 366 in
944 326 1074 368 lucem
1095 327 1275 381 proferre
1295 329 1363 370 sua

92 394 172 421 non
201 382 364 435 possent.

148 435 213 475 De
251 436 462 474 Bernardini
498 435 658 475 Merulae
691 435 987 475 commentariis
1025 435 1064 475 in
1101 436 1359 488 Vitruvium,

88 502 192 542 quos
215 503 285 543 per
315 491 488 543 plagium
510 490 580 530 fibi
605 489 810 529 vindicare
831 489 961 528 voluit
987 487 1238 532 Gaudentius
1268 492 1360 531 Me-

89 544 198 592 rula,
221 545 397 584 meminit
421 544 622 584 Antonius
652 543 898 596 Maioragius
928 543 967 581 in
996 542 1194 597 Apologia
1221 558 1361 586 contra

89 597 364 638 Gaudentium
400 597 502 638 edita
535 596 742 638 Ultraieffi
773 597 885 635 1666.
910 611 947 644 4.
973 611 1010 649 p.
1040 611 1102 650 29.
1128 599 1169 637 &
1196 613 1258 646 4⁴·
1290 600 1359 640 De

87 652 246 691 Adriani
268 654 404 707 Auzuti
423 653 507 692 sive
527 653 667 705 Azovii
682 652 977 690 commentariis
995 651 1036 690 in
1065 653 1300 693 Vitruvium
1318 655 1360 695 δε

86 703 321 746 Frontinum
337 739 347 755 ,
373 706 580 760 vulgandis
607 705 762 746 Romae
789 718 812 744 a
834 702 1043 748 Francisco
1063 705 1259 754 Nazario,
1290 709 1359 761 qui

87 759 129 798 &
151 761 232 814 ipse
252 774 368 801 notas
398 761 484 801 suas
505 760 580 799 fuit
603 759 833 806 additurus,
855 757 942 812 spes
961 757 1060 798 faeta
1087 758 1163 800 fuit
1179 761 1220 800 in
1243 761 1358 801 Ten-

85 815 191 854 tzelii
215 815 379 868 dialogis
399 813 603 855 menstruis
628 825 665 853 a.
695 813 804 866 1692.
832 824 919 866 pag.
937 811 1027 865 825.
1058 827 1172 853 1010.
1195 815 1234 853 in
1254 815 1358 855 Dia-

86 868 148 906 rio
175 869 421 909 eruditorum
448 866 663 908 Mutinensi
685 880 720 906 a.
757 868 870 919 1692.
899 879 985 920 pag.
1011 879 1098 921 297.
1132 867 1173 908 δε
1199 869 1237 906 in
1258 869 1357 909 Mu·-

85 919 152 960 seo
184 923 394 962 Minervae
421 921 605 961 Venetae
636 920 839 974 (Galleria
866 920 904 959 di
925 920 1142 971 Minerva)
1173 934 1208 961 a.
1240 923 1354 976 1695.

84 988 170 1027 pag.
202 978 292 1028 236.
331 976 473 1015 Ioannis
499 975 689 1014 Norchiasi
721 975 942 1014 Florentini
971 974 1074 1014 circa
1099 989 1135 1015 a.
1160 975 1209 1014 C.
1243 989 1357 1028 ¹550·

82 1028 176 1068 clari
201 1031 528 1069 commentarium
551 1027 733 1069 affeetum
758 1031 797 1068 in
825 1028 1056 1069 Vitruvium
1081 1042 1277 1069 memorat
1296 1031 1358 1071 iu·

81 1081 156 1121 lius
182 1083 302 1128 Niger
326 1096 411 1137 pag.
431 1097 518 1137 29¹·
551 1082 735 1122 historiae
760 1082 997 1136 scriptorum
1011 1083 1351 1124 Florentinoturn.

80 1136 167 1175 add.
193 1132 380 1177 polenum
407 1152 442 1191 p.
464 1139 525 1191 69.
551 1137 657 1177 ldem
676 1138 725 1176 de
751 1138 859 1176 Leone
874 1137 1034 1191 Baptista
1050 1139 1210 1184 Alberti,
1233 1151 1352 1191 quem

78 1189 313 1231 Vitruvium
332 1192 607 1232 Florentinum
635 1191 724 1231 sunt
745 1193 813 1243 qui
841 1192 998 1239 dicant,
1029 1191 1072 1231 ἃ
1100 1192 1149 1232 de
1172 1192 1257 1232 eius
1283 1194 1354 1233 de-

79 1255 166 1282 cem
191 1244 301 1285 libris
327 1247 373 1284 de
398 1244 672 1285 Architectura
700 1245 893 1284 videndus
913 1259 949 1299 p.
978 1257 1052 1299 349
1071 1245 1150 1299 seq.
1177 1246 1245 1299 qui
1263 1248 1352 1298 post

78 1299 244 1349 primam
271 1300 484 1338 editionem
512 1297 762 1338 parisiensem
789 1299 964 1337 Latinam
989 1312 1026 1339 a.
1065 1311 1178 1349 1512.
1203 1315 1239 1349 4.
1267 1301 1352 1340 sae·-

76 1351 165 1402 pius
186 1353 337 1405 vulgati
362 1352 450 1392 sunt
470 1365 550 1391 non
574 1352 713 1391 Latine
739 1353 860 1392 modo
875 1381 885 1398 ,
916 1365 1059 1393 verum
1084 1352 1235 1393 Cosmo
1254 1356 1353 1394 Bar-

78 1404 150 1444 toli
175 1405 388 1459 interprete
408 1406 547 1446 Italice
570 1418 759 1459 quoque,
786 1407 826 1447 δι
852 1405 1032 1446 Iohanne
1054 1408 1232 1447 Martino
1259 1408 1353 1448 Gal-

76 1457 164 1497 lice.
197 1456 518 1500 Commentarios
545 1460 665 1499 Italic«
688 1461 816 1500 editos
838 1461 879 1498 in
899 1460 1038 1500 decem
1058 1460 1180 1501 libros
1211 1463 1352 1503 Vitru-

75 1512 132 1550 vii
156 1511 302 1552 Vener.
337 1526 448 1567 ¹495·
479 1527 499 1553 a
527 1513 688 1565 Sylvano
715 1515 930 1552 M.wroceno
956 1515 1120 1554 Veneto
1152 1526 1350 1556 memorat

69 1563 210 1605 Celsus
229 1566 400 1612 Rosmus
425 1566 475 1607 T.
491 1566 539 1607 11.
569 1566 691 1618 Lycei
715 1568 984 1607 Lateranenfis
1004 1582 1041 1621 p.
1071 1583 1158 1620 294.

127 1618 202 1658 Sed
237 1623 355 1660 ctiam
385 1619 521 1668 fuere,
554 1622 624 1674 qui
647 1622 736 1661 loca
761 1623 951 1674 quaedam
978 1623 1020 1662 δι
1051 1635 1184 1676 partes
1211 1628 1345 1677 operis

71 1668 302 1714 Vitruviani
336 1675 402 1714 vel
426 1675 700 1727 corrigerent,
728 1676 795 1715 vel
822 1676 1074 1716 illustrarent.
1103 1677 1197 1717 Huc
1218 1680 1345 1731 perti-

69 1738 167 1766 nent
193 1729 336 1768 Claudii
353 1728 540 1768 Ptolemaei
565 1728 762 1782 Epistolae
787 1729 934 1783 septem
959 1731 1145 1770 Venetiis
1170 1745 1282 1783 1547·
1303 1746 1340 1779 4.

69 1780 198 1820 editae
231 1780 394 1831 Italice‚
428 1783 465 1821 in
499 1783 640 1835 quibus
662 1781 716 1822 est
746 1796 824 1822 una
844 1785 888 1823 ad
920 1784 1181 1839 Augustinum
1204 1785 1342 1826 Comi«

71 1844 148 1873 tem
173 1835 222 1874 de
240 1837 406 1883 Landis,
427 1839 466 1875 in
489 1850 566 1889 qua
586 1837 687 1876 ratio
703 1836 918 1877 illustrandi
947 1839 1070 1878 libros
1087 1839 1262 1879 Vitruvii
1280 1853 1343 1880 ac-

68 1899 207 1927 curate
244 1891 286 1931 δι
311 1890 404 1943 pers
427 1892 516 1930 icue
543 1891 787 1944 explicatum
821 1894 870 1931 de
899 1906 981 1945 quo
1012 1891 1116 1933 libro
1146 1895 1340 1934 videndus

68 1938 238 1982 Polenus
262 1958 296 1997 p.
322 1958 369 1995 50
404 1957 465 1997 eq.
497 1945 621 1984 Porro
652 1945 840 1984 Mantuae
875 1946 986 1998 1558.
1014 1946 1039 1985 f.
1066 1947 1215 1999 prodiit
1243 1948 1339 1988 liber

71 1995 137 2033 Gli
152 1999 280 2049 obstari
304 2002 337 2037 6³
359 1999 494 2051 difficili
507 2001 596 2052 paffi
616 1999 650 2037 di
673 2001 832 2038 Vitruvio
849 2000 922 2038 alla
941 2001 1074 2040 chiara
1094 2000 1341 2053 intelligenza

69 2049 232 2090 tradotti
252 2064 322 2103 per
349 2052 530 2092 Giovarzni
554 2054 704 2091 Bercano
720 2084 733 2100 ,
763 2055 801 2092 in
825 2067 908 2106 quo
930 2055 1028 2094 libro
1047 2056 1089 2094 &
1109 2068 1171 2095 res
1190 2056 1230 2095 &
1247 2069 1341 2096 ver-

65 2100 118 2139 ba
144 2103 253 2154 plura
285 2105 453 2145 obscura
471 2138 481 2155 ,
508 2107 766 2161 inprimisque
785 2107 966 2158 scamillos
990 2111 1135 2161 impares
1166 2110 1339 2163 explicat

68 2153 139 2194 suo
159 2159 302 2206 modo,
332 2159 529 2200 refutatus
548 2162 584 2199 in
610 2161 667 2199 his
686 2162 846 2213 quidem
865 2174 887 2200 a
911 2162 1034 2201 Baldo
1048 2193 1059 2211 ‚
1085 2164 1145 2201 sed
1163 2165 1339 2216 alperius

66 2221 184 2260 quam
210 2223 293 2250 erat
322 2225 505 2265 aequum.
531 2229 569 2255 v.
590 2215 759 2255 Polenus
779 2229 866 2270 pag.
885 2216 948 2268 85.
986 2216 1034 2255 Et
1059 2218 1228 2270 pertinet
1258 2219 1337 2257 huc

65 2263 183 2302 etiam
217 2264 277 2302 illc
305 2266 380 2318 ipse
406 2269 569 2315 Baldus,
598 2271 740 2321 partim
774 2282 939 2323 propter
972 2272 1123 2309 Lexicon
1153 2273 1337 2311 Vitruvia-

63 2331 165 2363 num,
199 2318 242 2356 in
256 2331 338 2370 quo
358 2320 411 2358 est
432 2323 630 2376 egregium
656 2323 928 2363 adiumentum
953 2324 1217 2364 Vitruvianae
1239 2339 1337 2366 ora-

64 2370 183 2410 tionis
208 2372 482 2424 intelligendae
497 2407 508 2424 ,
563 2378 642 2416 uod
665 2379 835 2428 primum
855 2379 999 2431 prodiit
1021 2380 1221 2431 Augustae
1239 2379 1335 2420 Vin-

62 2423 134 2462 del.
167 2428 276 2463 1612.
300 2443 334 2474 4.
365 2428 495 2467 addita
519 2390 695 2470 Uitruvii
724 2432 846 2480 Vita3
874 2434 1015 2485 partim
1040 2444 1204 2484 propter
1223 2434 1334 2473 libel-

62 2477 142 2517 lum
169 2479 216 2518 (le
246 2481 422 2518 §camillis
453 2485 665 2533 imparibus,
693 2499 802 2524 nova
833 2488 987 2525 ratione
1010 2487 1240 2538 explicatis,
1263 2491 1332 2541 qui

60 2531 200 2573 ibidem
230 2535 453 2588 eodemque
478 2549 584 2575 anno
614 2539 775 2590 prodiit.
819 2538 1077 2578 Noviffimam
1110 2543 1333 2583 eorundem
