1600 2902
228 192 325 228 XVI
468 176 818 226 NOTITIA
861 176 1276 226 LITERARIA

283 287 559 338 Hieronymus
584 284 792 324 cardamus
820 283 902 322 Lib.
930 284 1042 324 XVI.
1069 285 1118 327 de
1144 286 1393 337 Subtilitate,
1418 285 1501 328 Vi-

228 343 411 380 truvium
446 341 679 379 adnumerat
712 337 922 376 duodecim
952 339 1075 388 viris,
1101 354 1202 392 quos
1229 355 1323 394 prae
1352 345 1498 383 ceteris

227 395 373 447 ingenii
390 396 430 434 δι
450 392 678 433 inveniendi
698 391 887 430 facultate
905 391 1065 431 valuisse
1082 394 1273 434 existimat
1289 426 1300 443 ‚
1322 398 1389 448 qui
1408 397 1498 437 sunt

226 448 519 495 Archimedes,
559 445 819 493 Aristoteles,
859 445 1065 494 Euclides,
1103 447 1267 496 Scottis,
1298 449 1499 491 Iohannes

225 501 390 550 Suiffet‚
420 511 693 553 cognomento
718 499 974 547 calculator,
1006 499 1245 553 Apollonius
1274 502 1495 556 Pergaeus,

224 556 430 607 Archytas
441 554 707 602 Tarentinus,
723 554 980 592 Mahomems
991 553 1063 592 Ibn
1074 555 1219 601 Moses,
1234 557 1495 609 Algebraicae

225 611 439 657 inventor,
463 608 681 647 Alchindus
695 636 706 655 ,
730 607 867 647 Heber
887 606 1083 660 Hispanus
1099 639 1110 657 ,
1135 610 1311 650 Galenus
1325 642 1335 658 ‚
1358 612 1398 651 ὅ(
1416 612 1495 650 Vi·-

225 665 395 703 truvius.
424 664 546 702 Hunc
561 674 662 701 vero
680 660 917 715 postremum
935 663 989 700 ait
1004 674 1086 702 non
1103 663 1262 711 ultimo,
1280 665 1342 703 sed
1364 666 1495 718 primo

225 717 320 757 loco
341 717 591 770 ponendum,
616 715 645 754 si
665 717 851 768 propria,
874 728 955 755 non
979 716 1106 756 aliena
1131 718 1295 757 inventa
1318 719 1496 759 conscri-

225 770 367 824 psiffet.
407 771 517 810 Idem
544 768 750 810 Cardanus
776 769 816 808 'm
840 770 943 809 libro
967 770 1014 808 de
1034 769 1181 822 scriptis
1204 773 1373 825 propriis
1390 773 1496 812 affir-

225 837 332 873 mat,
360 825 397 864 se
422 824 752 864 commentarium
774 822 946 863 scribere
971 823 1141 877 coepisse
1165 827 1203 864 in
1232 825 1494 875 Vitruvium,

226 880 361 933 postea
389 891 451 918 res
476 879 609 930 potius
637 876 848 925 seetatum‚
879 889 960 916 non
991 891 1117 930 pauca
1151 879 1398 919 Vitruviana
1426 891 1497 921 ex-

223 931 376 987 plicaffe
403 933 442 972 in
466 932 574 972 libris
603 931 652 972 de
681 943 814 971 rerum
839 932 1033 971 varietate
1059 933 1100 972 δι
1125 931 1351 972 subtilitate.

278 1009 457 1049 Vitruvii
480 1008 568 1048 libri
592 1009 762 1061 primum
785 1008 932 1061 reperti
956 1007 1044 1047 sunt
1068 1021 1090 1047 a
1110 1007 1259 1061 Poggio
1283 1009 1322 1047 in
1347 1009 1496 1048 Mona-

224 1063 344 1104 sterio
371 1062 408 1102 S.
433 1061 557 1110 Galli,
583 1074 627 1102 ut
651 1061 732 1115 ipse
757 1074 951 1101 memorat
974 1062 1090 1115 Epist.
1116 1075 1202 1115 pag.
1236 1063 1319 1112 346.
1361 1062 1493 1104 Huius

221 1117 386 1158 Codicis
419 1118 570 1156 mentio
599 1117 706 1155 nulla
739 1115 795 1155 est
827 1116 931 1169 apud
963 1115 1181 1164 Polenum,
1216 1129 1319 1164 nec,
1348 1116 1381 1155 is
1410 1131 1492 1169 quo

224 1172 367 1211 abierit
382 1203 393 1220 ‚
414 1171 542 1223 reperi
559 1170 760 1209 traditum.
787 1169 873 1208 Nec
895 1181 990 1208 vere
1010 1170 1183 1209 iudicare
1203 1170 1357 1216 audeo,
1379 1183 1428 1209 an
1444 1183 1494 1211 ex

225 1238 276 1264 eo
304 1237 437 1265 cetera
464 1223 605 1276 scripta
632 1222 871 1275 exemplaria
898 1222 1083 1262 fluxerint
1111 1223 1270 1271 omnia,
1300 1236 1391 1262 cum
1418 1236 1494 1263 eo-

224 1293 313 1319 rum
337 1279 554 1318 varietates
579 1278 620 1317 &
644 1276 857 1316 consensus
879 1277 1057 1315 nondum
1080 1275 1168 1316 satis
1191 1277 1349 1331 cognita
1372 1277 1460 1318 sint.

277 1358 344 1398 De
373 1357 611 1397 editionibus
640 1357 772 1409 operis
798 1356 1027 1396 Vitruviani
1054 1356 1096 1396 &
1120 1356 1362 1404 editoribus,
1386 1369 1492 1395 unus

221 1412 311 1452 satis
330 1413 539 1465 diligenter
557 1410 705 1464 scripsit
723 1411 783 1450 Io.
803 1411 973 1450 Polenus
992 1411 1156 1464 proprio
1175 1410 1464 1450 commentario
1478 1441 1491 1458 ‚

219 1466 374 1507 Patavii
395 1479 456 1504 an.
477 1477 588 1518 1739.
603 1464 673 1504 fol.
688 1464 810 1503 edito.
839 1465 943 1503 Nam
966 1464 1045 1516 ipse
1071 1466 1110 1503 in
1135 1465 1268 1503 animo
1292 1464 1486 1510 habebat,

221 1533 371 1566 novam
392 1520 609 1559 editionem
628 1530 782 1558 curare.
817 1518 936 1557 Hunc
961 1518 1081 1570 igitur
1102 1518 1144 1557 in
1166 1516 1413 1558 recensendis
1442 1518 1496 1558 iis

213 1573 440 1627 sequemur.
