1600 2902
276 189 358 236 DE
395 187 888 234 ARCHITECTURA
923 189 1033 234 LIB.
1067 190 1148 235 VI.
1259 190 1341 253 165

85 313 181 357 qne
215 296 427 358 gentium
465 295 768 342 observanda.
810 297 1031 356 Namque
1069 297 1134 342 sol
1171 295 1346 355 quibus

83 370 194 415 locis
214 368 509 413 mediocriter
536 368 782 428 profundit
803 385 996 428 vapores
1013 401 1025 423 ,
1063 368 1111 411 in
1143 367 1210 412 his
1230 382 1346 412 con-

83 441 228 485 servat
242 456 435 500 corpora
455 452 708 501 temperata
725 462 733 485 :
766 457 986 500 quaeque
1002 441 1220 501 proxime
1238 456 1346 485 cur-

74 513 233 558 ”fendo
254 514 475 575 ciellagrat
490 547 502 569 ,
532 514 667 573 eripit
692 513 959 576 exsugendo
982 525 1344 573 temperaturam

82 585 303 630 humoris.
365 586 542 631 Contra
584 603 694 631 vero
738 585 1010 648 refrigeratis
1048 585 1344 648 regionibus,

83 658 218 716 quod
249 659 418 704 absunt
443 676 467 703 a
496 659 687 704 meridie
708 660 871 721 longe,
908 675 1007 703 non
1035 658 1303 704 exhauritur
1321 674 1346 703 a

83 733 311 778 caloribus
350 735 542 788 humor,
574 731 653 776 sed
694 747 756 776 ex
790 733 924 777 coelo
952 733 1157 778 roscidus
1188 740 1261 776 aer
1294 731 1344 776 in

80 821 276 866 corpora
297 806 497 850 fundens
525 806 771 849 humorem
788 838 803 859 ,
822 805 959 848 efficit
982 805 1228 864 ampliores
1248 820 1346 849 cor-

82 891 341 939 poraturas,
367 878 589 937 vocisque
610 878 784 922 sonitus
801 878 1039 940 graviores.
1067 877 1135 921 Ex
1155 894 1211 922 eo
1231 894 1346 936 quo-

86 970 181 1013 que
208 953 295 997 sub
334 952 743 1012 septemtrionibus
774 952 1050 996 nutriuntur
1079 963 1238 1014 gentes
1260 951 1346 995 im-

82 1025 299 1070 manibus
333 1025 639 1085 corporibus,
681 1024 888 1069 candidis
922 1023 1186 1079 coloribus,
1222 1022 1347 1068 dire-

83 1095 158 1143 csio
187 1100 354 1160 capillo
379 1100 418 1145 Sc
442 1099 549 1144 rufo
567 1131 583 1155 ,
607 1097 751 1143 oculis
779 1097 929 1142 caesiis
945 1132 962 1152 ,
978 1096 1196 1160 sanguine
1219 1098 1347 1141 mul-

85 1183 160 1224 t03
211 1171 436 1230 quoniam
474 1171 535 1215 ab
565 1168 775 1215 humoris
818 1169 1082 1229 plenitate,
1126 1170 1346 1229 coelique

84 1242 505 1305 refrigerationibus
546 1242 654 1287 sunt
695 1241 989 1287 conformati.
1043 1241 1144 1308 Qui
1185 1253 1345 1287 autem

86 1317 193 1359 lunt
221 1316 425 1376 proximi
450 1315 509 1359 ad
536 1330 667 1360 axem
691 1314 1030 1369 meridianum,
1056 1310 1345 1373 subiefflique

85 1389 186 1433 solis
220 1390 400 1445 cursui,
433 1388 723 1433 brevioribus
752 1388 1049 1448 corporibus,
1088 1389 1244 1432 colore
1270 1387 1344 1432 fu-

82 1460 181 1518 sco,
205 1462 352 1522 crispo
377 1463 573 1522 capillo,
611 1462 753 1507 oculis
783 1462 947 1524 nigris,
976 1463 1186 1506 crurib-us
1211 1462 1344 1505 inva-

82 1534 208 1590 lidis,
249 1536 468 1598 sanguine
509 1535 709 1597 exiguo,
755 1534 856 1579 solis
881 1535 1062 1594 impetu
1092 1534 1345 1595 perficiun-

82 1617 170 1650 tur.
207 1608 374 1666 Itaque
394 1607 529 1652 etiam
566 1618 760 1667 propter
786 1607 1016 1668 sanguinis
1042 1607 1344 1669 exiguitatem

82 1678 338 1723 timidiores
366 1679 472 1724 sunt
509 1680 626 1724 ferro
646 1680 859 1732 reslstere3
889 1678 967 1723 sed
994 1678 1178 1723 ardores
1208 1695 1257 1724 ac
1280 1678 1344 1723 fe-

82 1749 182 1794 bres
224 1750 448 1796 sufferunt
481 1750 575 1795 fine
615 1750 783 1795 timore
805 1785 817 1806 ,
868 1749 1002 1809 quod
1034 1751 1203 1795 nutrita
1235 1751 1345 1795 sum:

84 1837 247 1865 eorum
291 1821 505 1866 membra
542 1838 653 1867 curn
695 1822 889 1867 fervore.
943 1822 1109 1881 Itaque
1148 1839 1345 1883 corpora

83 1908 202 1951 quae
219 1892 465 1939 nascuntur
488 1894 573 1939 sub
594 1893 956 1954 septemtrione,
978 1912 1001 1939 a
1029 1895 1143 1939 febri
1161 1896 1266 1941 sunt
1284 1895 1344 1939 ti-

84 1964 278 2008 midiora
307 1963 624 2019 &imbecilla3
670 1966 898 2028 sanguinis
921 1967 1346 2011 autemabundan-

86 2034 172 2089 tia,
202 2035 322 2080 ferro
352 2038 557 2082 refillunt
590 2038 681 2081 sine
709 2038 891 2082 timore.
941 2038 1052 2081 Non
1087 2038 1240 2081 minus
1276 2038 1344 2082 so-

86 2122 173 2150 nus
192 2108 316 2151 vocis
339 2109 384 2151 in
413 2109 657 2170 generibus
682 2110 892 2171 gentium
916 2109 1112 2168 dispares
1137 2112 1178 2154 Sc
1200 2110 1348 2154 varias

84 2177 225 2222 habet
259 2179 525 2236 qualitateS,
554 2180 665 2225 ideo
695 2181 828 2240 quod
867 2181 1130 2226 terminatio
1156 2182 1345 2226 orient-is

84 2250 124 2296 8c
149 2250 402 2296 occidentis
436 2251 552 2296 circa
580 2265 725 2297 terrae
751 2251 1072 2307 librationem,
1105 2269 1196 2311 qua
1223 2253 1344 2296 divi-

85 2324 211 2368 ditur
248 2339 346 2383 pars
384 2324 589 2384 superior
630 2327 669 2371 Sc
706 2324 894 2369 inferior
935 2325 1133 2380 mundi,
1169 2324 1341 2371 habere

82 2395 267 2440 videtur
310 2396 520 2440 libratam
563 2398 758 2441 naturali
796 2397 943 2442 modo
988 2396 1340 2453 circuitionem,

83 2484 225 2528 quarn
250 2469 388 2514 etiam
425 2469 738 2518 mathematici
760 2471 1019 2578 horizontal
1033 2469 1211 2515 dicunt.
1253 2470 1342 2534 Igi-
