1600 2902
254 179 329 222 352
563 163 1212 210 ARCHITECTURAE

251 279 345 314 rae,
371 265 438 304 vel
460 263 592 317 anguli
617 265 722 304 inter
752 262 791 303 se
820 264 1091 314 conveniant3
1133 277 1230 308 tunc
1257 269 1331 308 erit
1350 269 1525 322 perfefia

250 328 451 368 fricatura.
485 326 615 378 Quod
638 326 665 365 si
703 325 872 366 facultas
904 339 986 365 non
1015 328 1092 367 erit
1121 330 1226 368 unde
1262 330 1524 385 superfricen-

249 402 342 440 tur,
387 404 437 431 ne
469 401 539 430 aut
565 390 732 431 lacunae
757 399 827 429 aut
860 389 1010 429 cumuli
1043 389 1141 439 sint,
1170 392 1219 430 ad
1254 395 1426 447 regulam
1454 395 1524 435 fri-

247 467 385 496 catura
417 453 675 503 extendatur,
709 453 750 493 δι
790 452 904 507 supra
940 466 1116 493 marmor
1146 454 1305 495 tunsum
1337 458 1524 498 incerna-

248 529 334 567 tur,
373 527 443 558 aut
476 529 595 556 arena
623 528 714 556 cum
752 515 862 554 calce
898 514 1056 554 inducia
1087 515 1273 569 poliatur.
1315 518 1395 558 Sub
1425 520 1523 559 divo

247 583 416 623 maxime
435 581 600 621 vitanda
624 579 715 620 sunt
743 578 853 618 finita
878 581 1137 633 pavimenta3
1163 582 1351 633 quoniam
1373 583 1521 636 frigore

246 645 289 684 &
319 644 489 683 humore
510 641 625 694 saepe
653 654 979 693 corrumpuntur.
1025 641 1129 689 Sed,
1170 642 1196 681 fi
1226 643 1428 684 neceffitas
1450 656 1520 686 aut

245 705 436 744 voluntas
465 702 600 743 facere
628 702 837 750 hortatur,
868 703 969 741 hanc
996 704 1130 757 operis
1157 703 1408 745 subtilitatem
1437 707 1521 747 ser-

245 769 377 808 vabis.
424 767 558 806 Missas
587 767 627 806 in
646 766 828 805 ordinem
858 766 1037 814 tabulas,
1065 766 1106 806 &
1127 766 1222 806 alias
1249 768 1290 807 in
1319 779 1520 809 transver-

243 828 326 870 sum
357 829 490 882 (slCUt
522 828 636 882 supra
659 827 918 867 monstratum
939 827 1027 879 est)
1061 828 1110 867 ad
1139 829 1399 881 tignationem
1427 844 1521 871 con·

242 894 366 947 figes,
397 895 438 933 &
478 893 628 947 paleam
655 902 726 932 aut
762 891 907 931 filicem
937 891 1273 944 superaequaliter
1297 893 1444 935 sternes
1479 897 1520 935 δε

242 957 428 996 loricabis
459 955 508 994 de
545 954 662 1003 saxo,
697 955 807 1007 quod
839 968 998 995 manum
1027 954 1144 1008 poffit
1175 956 1351 1008 implere.
1393 957 1521 1009 Super

242 1020 365 1059 rudus
394 1019 613 1071 pedaneum
647 1018 836 1065 induces,
876 1019 917 1058 &
948 1017 1129 1057 veelibus
1158 1018 1298 1069 ligneis
1323 1018 1519 1071 frequen-

241 1091 303 1120 ter
336 1079 540 1119 densabis:
584 1080 646 1127 &,
690 1091 900 1132 antequam
940 1080 1062 1120 rudus
1095 1080 1313 1129 ficcescat‚
1359 1082 1517 1133 tegulas

241 1144 453 1196 quadratas
478 1142 704 1196 bipedales,
739 1155 840 1194 quae
865 1154 936 1194 per
964 1142 1097 1181 omnia
1125 1143 1249 1181 latera
1275 1142 1519 1184 canaliculos

240 1206 391 1245 habent
416 1204 618 1258 digitales,
646 1203 755 1243 calce
776 1206 872 1242 viva
893 1216 942 1242 ex
969 1204 1062 1244 oleo
1088 1214 1335 1256 temperata,
1361 1204 1519 1244 frontes

239 1267 486 1321 tegularum,
517 1279 596 1319 qua
622 1266 829 1305 canaliculi
860 1277 1004 1314 erunt,
1036 1266 1243 1318 implebis,
1278 1266 1320 1305 &
1349 1265 1401 1305 sic
1424 1267 1518 1306 inn-

239 1329 319 1369 &as
342 1330 458 1383 supra
478 1329 602 1369 rudus
629 1340 872 1382 compones,
895 1340 940 1369 ut
958 1329 1154 1381 margines
1176 1328 1399 1381 tegularum
1423 1341 1513 1368 cum

237 1393 349 1433 calce
379 1391 724 1445 comprehendere
747 1390 902 1442 poffint.
938 1391 1063 1443 Quae
1084 1403 1148 1431 res
1175 1403 1266 1431 cum
1284 1390 1513 1439 siccaverit,

237 1454 346 1508 quasi
377 1467 500 1494 unum
527 1466 674 1506 corpus
703 1452 823 1498 facit,
859 1453 898 1491 ἃ
927 1453 1077 1492 nullum
1099 1452 1309 1492 humorem
1340 1452 1388 1490 ad
1412 1452 1513 1491 infe-

236 1518 347 1557 riora
373 1517 570 1555 admittet.
603 1514 748 1554 Postea
775 1516 959 1554 nucleum
989 1515 1055 1553 sex
1081 1514 1295 1566 digitorum
1325 1514 1512 1563 induces,

235 1579 279 1619 8:
298 1578 528 1631 frequenter
548 1576 735 1624 fricabis‚
756 1588 806 1614 ne
832 1575 928 1615 setas
958 1576 1091 1615 faciat.
1122 1575 1171 1614 Et
1195 1574 1374 1615 tesseram
1403 1577 1510 1616 duo·

236 1655 323 1681 rum
348 1652 418 1681 aut
435 1641 558 1680 trium
585 1638 799 1691 digitorum
825 1639 942 1677 latam
965 1638 1078 1689 supra
1103 1638 1329 1690 imprimes,
1367 1649 1434 1677 aut
1451 1649 1510 1677 ta-

235 1703 350 1743 bulas
370 1714 468 1755 quas
497 1712 659 1753 magnas
688 1711 848 1751 cunque
875 1711 1139 1746 marmoreas,
1168 1709 1214 1738 ut
1244 1697 1355 1737 nullo
1384 1699 1508 1737 modo

234 1763 383 1804 fabrica
417 1762 552 1802 vitiari
587 1760 715 1815 poffit‚
765 1760 803 1800 Si
827 1761 914 1812 quis
946 1772 1079 1800 autem
1116 1761 1343 1813 diligentius
1374 1759 1508 1799 facere

234 1824 350 1863 volet
371 1854 383 1871 ,
422 1822 606 1862 omnibus
641 1819 754 1859 annis
793 1832 887 1860 ante
933 1821 1103 1860 hiemem
1138 1820 1341 1860 iunauras
1374 1822 1504 1860 axium

235 1885 416 1925 faecibus
458 1883 627 1938 perungi
649 1882 781 1924 faciat.
828 1882 1020 1922 Testacea
1052 1882 1199 1936 spicata
1239 1882 1281 1921 &
1313 1881 1506 1921 tiburtina

233 1946 317 1998 pari
345 1944 469 1984 modo
494 1943 695 1984 fricaturis
716 1944 757 1984 &
781 1944 1042 1997 politionibus
1071 1953 1344 1985 exerceantur.

806 2052 919 2093 XX.

526 2124 584 2161 De
611 2123 704 2163 calce
730 2124 910 2175 probanda
941 2122 1030 2176 operi
1057 2123 1206 2162 albario.

286 2192 333 2232 In
347 2193 500 2232 albario
512 2204 634 2246 opere
648 2192 793 2231 calcem
805 2191 856 2232 fic
872 2194 1041 2246 probare
1058 2194 1233 2233 debebis.
1250 2193 1296 2232 In
1314 2191 1407 2233 fossa
1423 2192 1502 2232 cal-

230 2267 316 2294 cem
330 2285 341 2303 ,
365 2268 468 2307 quae
491 2255 619 2294 multo
640 2266 732 2294 ante
749 2265 931 2308 tempore
955 2255 1071 2296 fuerit
1087 2267 1288 2295 macerata
1303 2286 1314 2304 ,
1333 2257 1382 2294 de
1398 2255 1500 2294 ascia

229 2315 338 2369 quasi
357 2316 537 2364 dolabis3
565 2316 605 2355 ὃς
622 2317 746 2354 aciem
774 2315 801 2354 fi
827 2329 1021 2369 nusquam
1040 2318 1267 2370 impegeris,
1287 2329 1405 2369 atque
1427 2314 1500 2354 ad-

229 2377 397 2417 haerens
427 2378 553 2416 asciae
578 2377 733 2417 viscosa
761 2377 988 2427 videbitur,
1017 2380 1166 2433 optima
1198 2381 1273 2418 erit
1310 2377 1420 2431 operi
1447 2377 1499 2415 al-

229 2439 355 2480 bario.
385 2441 604 2482 Recentius
639 2439 846 2491 exstinffli,
874 2442 915 2482 &
951 2441 1145 2482 calculosa
1169 2441 1198 2481 fi
1231 2439 1371 2488 fuerit,
1402 2437 1495 2477 dum
