1600 2902
361 175 992 218 COMPENDIUM,
1240 188 1314 230 355

45 276 237 332 parietem
259 284 448 315 transeat.
479 273 537 313 Ex
565 273 689 313 altera
708 284 847 327 parte,
883 286 962 327 qua
986 271 1198 313 struRurae
1224 272 1317 312 iun·

45 351 218 394 guntur,
248 336 382 390 tegula
414 336 525 377 calce
554 336 703 390 liquida
734 335 921 385 linietur,
953 344 999 376 ut
1022 334 1180 376 facilius
1201 334 1314 390 operi

45 401 262 445 adhaerere
287 399 416 454 poffit.

586 512 771 553 XXV.

153 595 328 636 Triclinia
351 595 495 635 hiberna
523 594 709 635 minoribus
728 594 869 647 pisturis
897 591 961 646 ff
993 592 1208 632 adornanda.

97 684 288 725 Triclinia
315 684 481 725 hiberna
504 697 588 725 non
614 684 805 724 convenit
823 683 1039 737 grandibus
1068 681 1230 736 picturis
1255 694 1318 722 or-

42 747 154 794 nari,
177 747 284 799 quod
316 747 491 786 hibernis
516 747 794 799 temporibus,
833 745 1036 797 frequenti
1066 744 1216 784 lumine
1246 755 1318 782 ce-

43 819 207 847 reorum
233 819 303 847 aut
323 808 575 848 lucernarum
603 806 807 854 fumante,
833 804 1097 846 obsolescunt.
1129 805 1317 857 Propter-

43 882 89 910 ea
126 870 168 910 &
207 883 388 910 camerae
416 884 558 911 eorum
597 870 735 925 planae
761 870 890 918 fiunt,
925 880 998 918 ut,
1030 868 1185 909 detersa
1223 867 1318 908 fuli-

41 931 157 984 gine,
179 930 307 972 statim
329 931 574 973 illuminatus
601 931 787 986 splendor
813 942 1016 986 appareat.

561 1045 798 1087 XXVI.

356 1126 564 1166 Pavimenta
586 1139 626 1165 ut
649 1126 685 1165 in
708 1126 810 1166 hieme
834 1140 985 1182 tepeant.

108 1209 236 1250 Etiam
261 1213 584 1264 pavimentorum
615 1214 724 1254 utilis
758 1214 966 1268 dispositio
997 1215 1163 1254 inventa
1202 1213 1318 1252 vide-

41 1282 122 1313 tur.
152 1273 296 1326 Itaque
326 1276 529 1315 excavatis
557 1276 597 1315 in
628 1276 750 1316 altum
783 1277 942 1317 duobus
974 1275 1166 1330 pedibus,
1202 1274 1318 1314 fistu-

42 1347 137 1375 cato
163 1335 248 1375 solo
274 1336 489 1377 inducatur
511 1348 581 1377 aut
609 1338 731 1378 rudus
751 1369 762 1386 ,
780 1349 850 1378 aut
872 1338 1088 1378 testaceum
1115 1337 1320 1390 pavimen-

40 1406 154 1445 tum,
184 1397 327 1437 deinde
360 1398 583 1451 congestis,
617 1399 681 1438 sed
716 1400 877 1439 calcatis
907 1398 1015 1451 spisse
1049 1399 1315 1445 carbonibus,

41 1459 281 1507 inducatur,
313 1473 361 1500 ex
389 1460 572 1509 sablone,
604 1462 646 1502 δι
673 1460 833 1510 favilla,
869 1461 909 1502 δι
945 1460 1054 1500 calce
1086 1461 1207 1498 mixta
1243 1460 1319 1497 im-

41 1521 184 1574 pensa,
213 1522 464 1562 craffitudine
484 1524 690 1563 unciarum
718 1523 789 1563 VI.
811 1523 858 1562 ad
884 1523 1085 1574 regulam3
1114 1534 1318 1574 exaequa-

40 1592 80 1621 ta
109 1583 289 1636 planities
319 1584 448 1623 reddit
473 1583 644 1637 speciem
673 1585 773 1638 nigri
800 1585 1034 1638 pavimenti.
1075 1585 1220 1624 Hieme
1249 1596 1318 1622 er-

41 1657 92 1697 go
128 1658 209 1686 non
241 1647 384 1700 recipit
415 1646 565 1700 frigus,
599 1647 641 1687 &
671 1647 897 1695 ministros,
929 1647 1024 1686 licet
1052 1646 1168 1686 nudis
1200 1645 1318 1699 pedi-

41 1711 115 1748 bus
132 1740 143 1757 ‚
177 1723 327 1763 vapore
355 1709 584 1750 deleuabit:
624 1711 676 1750 sic
697 1711 800 1749 enim
828 1711 903 1750 erit
930 1711 1204 1763 pavimentum
1224 1739 1236 1757 ‚
1273 1719 1318 1748 ut

44 1771 164 1809 etiam
198 1771 422 1813 bibentium
447 1772 621 1825 pocula,
667 1773 695 1812 fi
729 1771 856 1814 effusa
891 1770 1072 1820 fuerint,
1110 1781 1318 1809 momento

41 1831 268 1874 siccescant.

541 1923 816 1990 XXVII.

450 2005 510 2042 Dc
539 2002 716 2055 gcnerihus
745 2003 909 2041 colorum.

108 2087 278 2128 Colores
317 2100 417 2128 vero
443 2086 508 2126 alii
545 2086 663 2125 certis
702 2085 802 2125 locis
834 2096 1124 2138 procreantur,
1167 2084 1232 2123 alii
1267 2096 1317 2123 ex

44 2150 396 2189 commixtionibus
428 2158 743 2201 componuntur.
787 2146 990 2186 Rubricae
1021 2147 1155 2199 itaque
1183 2147 1319 2186 multis

43 2211 141 2250 locis
173 2221 440 2262 generantur,
470 2210 535 2248 sed
559 2211 735 2262 optimae
760 2209 800 2248 in
830 2208 958 2247 Ponto
989 2209 1030 2248 &
1063 2209 1101 2246 in
1126 2209 1318 2262 Hispania

44 2272 271 2313 nascuntur.
321 2272 601 2312 Paraetonium
631 2285 678 2312 ex
707 2271 791 2325 ipso
832 2272 951 2318 lom,
993 2271 1099 2310 unde
1133 2269 1315 2320 foditur,

43 2336 161 2375 habet
202 2348 363 2375 nomen.
394 2335 539 2374 Eadem
579 2336 734 2374 ratione
765 2336 805 2374 δι
837 2335 1025 2373 melinum
1046 2363 1057 2381 ‚
1094 2335 1204 2387 quod
1231 2336 1318 2374 eius

42 2397 102 2435 vis
129 2397 272 2435 metalli
300 2409 370 2449 per
392 2395 534 2436 insulas
558 2397 744 2448 cycladas
771 2397 884 2435 Melo
910 2397 1066 2437 dicitur.
1106 2397 1227 2437 (Ereta
1252 2398 1318 2436 vi-

42 2459 136 2499 ridis
162 2459 340 2512 pluribus
376 2459 475 2499 locis
503 2458 704 2507 nascitur,
740 2459 806 2498 sed
845 2459 994 2512 optima
1028 2460 1066 2497 in
1093 2458 1214 2499 Creta
1241 2459 1316 2501 Ci-

989 2521 1018 2559 Z
1051 2533 1069 2572 3
