1600 2902
321 164 404 212 DE
437 159 925 210 ARCHrrEcTURA
960 158 1068 206 Lm.
1101 158 1163 204 x,
1277 168 1365 219 293

112 272 229 319 nuni
257 281 407 316 rotam
431 270 670 329 appellant
687 303 699 324 ‚
740 267 904 313 Graeci
933 280 1091 311 autem
1119 265 1370 320 ἀμφίρευσιν,

111 345 182 389 alii
205 349 431 400 περίτροχον
459 354 643 386 vocant.
684 341 736 386 In
760 342 827 385 his
848 352 1005 385 autem
1032 335 1252 383 machinis
1279 346 1372 378 tro-

111 415 266 459 chleae
302 429 401 458 non
442 415 635 470 eodem,
679 413 754 458 sed
789 414 879 457 alio
907 411 1054 456 modo
1098 421 1374 467 comparan-

108 496 199 530 tur.
243 485 434 531 Habent
469 487 592 531 enim
627 486 668 531 8ς
698 485 746 530 in
782 484 880 529 imo
920 485 960 529 8c
987 484 1034 527 in
1065 483 1250 526 summo
1283 478 1375 522 du·-

107 558 250 619 plices
280 559 467 604 ordines
498 560 845 604 orbiculorum:
884 558 946 602 ita
982 557 1106 601 funis
1143 550 1375 601 dufflarius

107 631 331 677 traiicitur
375 633 423 676 in
471 631 696 677 inferioris
739 631 973 675 trochleae
1007 629 1244 682 foramen,
1300 622 1373 668 uti

107 707 318 765 aequalia
346 706 445 751 duo
479 706 626 766 capita
655 705 770 759 sint,
807 703 931 749 funis
956 720 1064 748 cum
1095 701 1181 747 erit
1208 710 1371 745 exterr-

107 778 204 832 sus3
239 778 402 838 ibique
441 778 697 823 secundum
726 776 991 821 inferiorem
1024 776 1276 821 trochleam
1302 788 1371 817 re-

107 851 266 896 sticula
301 850 587 896 circumdata
613 849 654 896 8c
683 866 927 905 connexa,
960 854 1190 907 utraeque
1217 856 1371 906 partes

107 924 232 969 funis
261 924 592 981 continentur,
634 935 688 968 ut
721 938 879 983 neque
912 923 961 968 in
990 922 1201 967 dextram
1223 952 1236 976 ‚
1284 935 1369 964 ne-

106 1014 203 1057 que
231 998 279 1043 in
314 997 531 1042 finisti-am
553 1008 733 1058 partem
757 996 928 1058 poffint
944 995 1145 1056 prodire.
1181 991 1373 1038 Deinde

106 1071 256 1131 capita
289 1071 409 1115 funis
432 1070 700 1115 referuntur
718 1071 766 1114 in
784 1069 964 1114 summa
993 1067 1197 1113 trochlea
1214 1065 1272 1110 ab
1292 1080 1370 1109 ex-

107 1143 275 1187 teriore
300 1154 454 1203 parte,
475 1142 515 1188 8c
537 1142 818 1188 deiiciuntur
838 1141 956 1186 circa
978 1139 1210 1185 orbiculos
1229 1137 1366 1193 imos,

107 1215 150 1261 8c
190 1215 389 1261 redeunt
423 1216 483 1260 ad
516 1217 687 1271 imum,
729 1214 1144 1272 coniiciunturque
1178 1211 1369 1256 infimae

109 1288 343 1333 trochleae
379 1288 437 1332 ad
463 1287 698 1332 orbiculos
728 1303 788 1331 ex
807 1287 1027 1331 interiore
1050 1295 1208 1344 parte,
1233 1283 1273 1328 Sc
1297 1298 1371 1326 re-

107 1359 322 1405 feruntur
354 1360 516 1405 dextra
540 1377 590 1405 ac
612 1360 777 1405 sinistra
800 1360 856 1404 ad
877 1371 1018 1420 caput
1044 1359 1249 1405 summae
1281 1370 1370 1401 tro·

106 1431 293 1488 chleae,
330 1432 445 1478 circa
474 1433 709 1478 orbiculos
728 1433 947 1476 summos.
983 1427 1181 1475 Traieffli
1207 1441 1368 1474 autem

105 1504 167 1549 ab
197 1505 416 1549 exteriori
451 1516 579 1565 parte
612 1504 878 1549 reseruntur
913 1504 1076 1548 dextra
1112 1520 1162 1548 ac
1200 1503 1371 1547 sinistra

104 1588 391 1638 tympanum
417 1576 464 1619 in
492 1592 605 1631 axe,
634 1575 798 1635 ibique
824 1586 877 1621 ut
904 1577 1120 1620 haereant
1151 1575 1370 1637 colligan-

106 1660 199 1693 tur.
235 1648 363 1691 Tum
396 1658 554 1691 autem
581 1648 697 1692 circa
723 1660 1007 1709 tympanum
1036 1647 1277 1693 involutus
1308 1648 1370 1691 al-

108 1732 179 1765 ter
206 1718 328 1764 funis
340 1717 536 1763 refertur
552 1718 610 1763 ad
635 1734 832 1781 ergatam
855 1738 865 1769 ;
895 1720 936 1765 86
967 1720 999 1763 is
1032 1717 1367 1765 circumastum

109 1804 392 1852 tympanum
419 1790 459 1835 8c
483 1807 618 1836 axem
651 1792 973 1848 involvendo,
1006 1792 1167 1848 funes,
1205 1794 1286 1853 qui
1322 1794 1370 1838 in

107 1881 196 1909 axe
233 1864 408 1925 religati
449 1865 581 1919 sunt,
625 1866 792 1924 pariter
818 1865 861 1910 se
893 1867 1192 1922 extendunt,
1236 1867 1278 1912 8c
1306 1868 1366 1911 ita

108 1937 277 1981 leniter
302 1939 457 1980 levant
474 1953 613 1980 onera
634 1938 725 1981 line
743 1938 963 1997 periculo.
988 1939 1138 2005 Quod
1170 1939 1199 1982 fi
1220 1939 1367 1983 maius

109 2020 422 2068 tympanum,
438 2011 718 2055 collocatum
738 2023 818 2056 aut
839 2012 884 2054 iu
901 2011 1059 2055 medio
1075 2046 1087 2067 ‚
1107 2023 1186 2056 aut
1204 2013 1251 2057 in
1272 2029 1364 2059 una

111 2093 242 2139 parte
261 2092 466 2125 extrema
481 2115 494 2137 ‚
515 2083 725 2127 habuerit
755 2085 847 2128 sme
865 2097 1014 2146 ergata
1033 2087 1257 2130 calcantes
1278 2087 1366 2130 ho-

112 2155 279 2210 mines,
292 2154 602 2213 expeditiores
620 2155 788 2201 habere
806 2157 980 2217 poterit
1000 2157 1151 2217 operis
1163 2154 1362 2202 ell'essus.

512 2270 551 2315 C
584 2269 623 2313 Α
659 2271 694 2314 Ρ
731 2271 768 2315 U
802 2271 848 2315 T
915 2271 972 2316 V.

175 2350 309 2394 Aliud
337 2351 556 2396 machinae
592 2354 819 2397 traeloriae
836 2370 1000 2413 genus,
1027 2352 1294 2416 Polyſjnfflos,

173 2442 246 2488 Est
278 2456 436 2491 autem
476 2445 603 2491 aliud
638 2462 783 2510 genus
815 2449 1058 2494 machinae
1087 2450 1187 2495 satis
1219 2450 1362 2499 artifi-

1004 2513 1104 2576 'fs
