1600 2902
254 182 347 228 270
496 161 564 209 M.
601 161 895 210 VITRUVII
929 166 1269 216 POLLIONIS

251 290 481 322 vernum:
520 288 629 318 cum
662 273 961 335 progreditur
990 275 1049 319 ad
1079 279 1275 325 caudam
1301 278 1443 325 Tauri
1465 278 1515 324 fi-

251 350 438 408 dusque
469 346 809 409 Vergiliarum,
841 363 865 391 e
904 347 1079 407 quibus
1116 353 1288 396 eminet
1321 350 1515 397 dimidia

248 438 350 483 pars
384 420 510 480 prior
549 418 727 474 Tauri,
781 417 829 461 in
877 419 1022 465 maius
1068 421 1264 480 spatium
1306 423 1512 479 mundi,

247 512 390 556 quarn
437 492 690 538 dimidium
735 493 996 552 procurrit,
1047 495 1301 554 procedens
1344 498 1403 542 ad
1447 497 1514 543 se-

247 567 630 631 ptemtrionalem
659 578 851 625 partem.
887 566 922 610 E
952 566 1108 613 Tauro
1127 583 1238 612 cum
1260 569 1515 632 ingreditur

248 644 299 688 in
334 641 588 695 Geminos,
630 638 954 684 exorientibus
985 640 1199 702 Vergiliis
1232 643 1372 704 magis
1415 659 1513 688 cre-

246 718 328 762 scit
359 717 492 776 supra
524 725 724 769 terram,
765 713 806 759 84·
833 724 973 775 auget
1007 713 1150 773 spatia
1187 713 1394 760 dierum:
1431 717 1514 761 de-

244 790 356 835 inde
382 806 406 834 e
431 788 640 834 Geminis
669 804 781 833 cum
804 788 892 834 init
922 787 980 832 ad
1006 788 1240 834 Cancrum
1259 823 1271 844 ,
1312 791 1516 848 quibre-

246 864 478 909 vissimum
506 871 637 906 tenet
671 861 789 907 coeli
828 851 1053 921 spatium,
1082 877 1192 905 curn
1217 862 1431 921 pervenit
1464 863 1514 907 in

243 945 428 997 partem
464 929 702 989 offiavam,
744 934 926 994 perficit
957 932 1186 978 solstitiale
1219 945 1433 992 tempus:
1472 935 1513 981 ὅς

244 1024 443 1071 pergens
483 1007 699 1067 pervenit
743 1006 801 1050 ad
845 1016 986 1066 caput
1032 1006 1072 1052 8c
1118 1003 1278 1065 pentius
1316 1007 1513 1064 Leonis,

244 1079 383 1139 quod
403 1094 483 1122 eae
510 1088 660 1137 partes
683 1074 866 1121 Cancro
895 1077 1001 1121 sunt
1036 1077 1300 1123 attributae.
1341 1078 1409 1121 Ex
1433 1094 1517 1137 pe·-

241 1150 371 1198 &ore
405 1163 566 1196 autem
600 1148 769 1193 Leonis
790 1149 830 1194 Sc
860 1147 1032 1193 finibus
1059 1147 1253 1204 Cancri,
1283 1148 1399 1194 Solis
1420 1149 1517 1193 exi-

243 1238 346 1281 tus,
387 1237 661 1285 percurrens
695 1221 893 1280 reliquas
927 1235 1077 1281 partes
1109 1221 1278 1266 Leonis
1299 1255 1311 1277 ,
1356 1222 1514 1266 immi-

242 1299 351 1343 nuit
383 1296 476 1341 diei
505 1293 887 1356 magnitudinem
916 1293 958 1338 8c
984 1293 1296 1339 circinationis
1316 1328 1329 1350 ,
1367 1295 1513 1339 redit-

242 1387 340 1432 que
379 1371 429 1415 in
469 1369 787 1414 Geminorum
823 1368 1069 1427 aequalem
1115 1367 1314 1413 cursum.
1369 1369 1509 1414 Tunc

241 1462 353 1491 vero
396 1462 421 1490 a
456 1445 615 1490 Leone
663 1444 883 1488 transiens
922 1443 971 1487 in
1010 1442 1281 1505 Virginem,
1322 1459 1511 1505 progre-

244 1518 475 1577 diensque
505 1516 562 1561 ad
595 1517 746 1561 sinum
785 1517 916 1561 vestis
949 1516 1074 1571 eius,
1111 1516 1345 1561 contrahit
1377 1517 1509 1561 circi-

240 1590 485 1637 nationem
505 1621 517 1643 ,
542 1588 583 1633 8<
607 1599 778 1646 aequat
802 1604 928 1640 eam,
957 1603 1102 1646 quam
1128 1586 1310 1632 Taurus
1330 1587 1472 1633 habet
1489 1623 1502 1645 ,

241 1664 397 1710 cursus
429 1659 674 1706 rationem.
714 1661 751 1704 E
779 1659 973 1721 Virgine
1011 1670 1168 1704 autem
1210 1660 1506 1721 progrediens

239 1752 322 1797 per
360 1734 512 1778 smum
534 1765 547 1786 ,
589 1730 672 1790 qui
710 1730 831 1775 finus
865 1731 1030 1776 Librae
1065 1742 1213 1790 partes
1245 1733 1385 1777 habet
1418 1733 1509 1792 pri-

182 1804 191 1811 ’
238 1822 361 1861 mas,
405 1804 454 1847 in
494 1802 657 1847 Librae
696 1811 825 1862 parte
863 1798 1023 1846 offlava
1065 1802 1246 1861 perficit
1281 1803 1510 1862 aequino-

239 1875 388 1923 &ium
421 1875 720 1929 autumnale,
765 1873 847 1932 qui
887 1874 1041 1918 cursus
1075 1885 1247 1933 aequat
1280 1891 1382 1918 eam
1421 1874 1505 1918 cir-

238 1952 558 2005 cinationem,
597 1965 718 2008 quae
752 1948 899 1993 fuerat
932 1949 979 1993 in
1012 1948 1176 1993 Arietis
1201 1949 1340 2011 signo.
1375 1948 1511 1994 Scor·

239 2027 436 2086 pionem
465 2037 624 2068 autern
650 2038 760 2067 cnm
780 2021 858 2067 Sol
888 2022 1105 2085 ingressus
1130 2022 1267 2068 fuerit
1295 2023 1506 2067 occiden-

239 2099 364 2145 tibus
399 2096 638 2159 Vergiliis,
676 2096 852 2141 minuit
873 2096 1176 2159 progrediens
1208 2096 1267 2139 ad
1292 2095 1506 2140 meridia-

238 2190 318 2218 nas
348 2184 498 2233 partes
546 2170 865 2233 longitudines
901 2172 1099 2217 dierum.
1176 2170 1211 2214 E
1246 2169 1503 2229 Scorpione

238 2262 350 2291 cum
382 2243 703 2306 percurrendo
730 2243 814 2288 init
846 2245 893 2288 in
923 2244 1220 2306 Sagittarium
1255 2244 1313 2288 ad
1333 2243 1503 2287 femina

234 2319 361 2374 eius,
411 2315 768 2362 contraffliorem
807 2316 1032 2362 diurnum
1065 2318 1276 2377 pervolat
1308 2314 1503 2361 cursum,

237 2391 361 2435 Cum
381 2402 540 2434 autem
561 2389 726 2449 incipit
754 2405 778 2433 a
813 2388 1066 2434 feminibus
1094 2388 1342 2452 Sagittarii,
1385 2401 1505 2445 quae

236 2480 336 2523 pars
372 2465 433 2509 est
461 2465 683 2510 attributa
710 2463 1027 2524 Capricorno,
1075 2464 1132 2508 ad
1162 2474 1339 2524 partem
1380 2458 1504 2505 offra„
