1600 2902
198 173 265 220 M.
291 172 579 221 VITRUVII
607 174 657 219 Ρ.
688 173 772 220 DE
797 173 1048 222 ARCHIT.
1088 177 1139 222 L.
1163 176 1218 221 ΙΙ.
1285 193 1345 241 43

94 276 299 323 tribunal
336 277 451 339 regis
489 277 558 322 ius
600 276 804 322 dicentis.
877 277 1063 323 Novitas
1106 280 1346 340 populum

96 365 201 394 cum
226 349 476 405 avertisset,
501 348 742 409 conspexit
765 365 877 394 eum
893 348 1158 395 Alexander
1173 384 1186 405 ,
1209 350 1249 396 ἃ
1266 351 1347 395 ad-

95 422 288 476 mirans,
309 421 427 466 iuffit
457 421 496 465 ei
524 423 683 466 locum
708 421 802 465 dari
826 433 879 465 ut
904 421 1141 467 accederet
1161 456 1175 478 ‚
1202 422 1346 466 inter-

92 495 366 557 rogavitque
398 495 501 554 quis
536 493 655 539 esset.
708 492 771 539 At
803 493 910 549 ille,
943 493 1236 548 Dinocrates,
1274 494 1348 539 in-

97 568 229 628 quit,
256 565 533 614 architedtus
555 566 785 623 Macedo,
818 567 902 626 qui
932 566 992 611 ad
1028 578 1074 612 te
1106 567 1349 631 cogitatio-

96 657 176 686 nes
203 643 243 686 Sc
272 641 440 688 formas
468 640 608 685 affero
644 639 801 702 dignas
829 651 910 683 tua
938 641 1154 685 claritate.
1209 641 1350 685 Nam-

94 731 190 775 que
213 714 373 759 Athon
397 725 610 759 montem
646 711 838 757 formavi
866 712 914 755 in
942 712 1111 756 statuae
1140 713 1278 757 virilis
1296 712 1351 757 fi-

93 804 256 851 guram
274 822 288 844 ‚
322 787 452 833 cuius
469 803 611 831 manu
638 787 767 830 laeva
792 784 1019 848 designavi
1041 786 1235 831 civitatis
1252 802 1350 830 am-

94 862 313 922 plissimae
336 861 520 905 moenia
539 894 551 914 ‚
574 859 762 905 dextera
778 869 1008 919 pateram,
1031 875 1151 918 quae
1170 859 1352 919 excipe-

95 945 165 977 ret
189 932 404 977 omnium
439 931 720 986 fluminum,
752 946 872 991 quae
909 930 1016 975 sunt
1047 929 1096 974 in
1130 946 1186 975 eo
1210 946 1352 975 mon·

97 1015 165 1061 te,
200 1021 397 1063 aquam,
431 1015 485 1050 ut
503 1004 613 1049 inde
638 1004 685 1049 in
708 1020 832 1049 mare
849 1001 1228 1064 profunderetur.
1257 1002 1351 1048 De-

93 1073 286 1120 lefflatus
318 1073 580 1119 Alexander
605 1075 781 1119 ratione
814 1073 1016 1130 formae,
1051 1074 1199 1119 statim
1218 1090 1354 1135 quae-

94 1147 220 1202 fivit‚
257 1147 288 1190 fi
313 1146 454 1191 essent
479 1146 567 1209 agri
599 1146 740 1202 circa,
767 1147 852 1206 qui
882 1146 1062 1208 poffent
1092 1146 1350 1192 frumenta-

95 1220 160 1265 xia
183 1220 358 1264 ratione
382 1236 484 1263 earn
508 1218 742 1264 civitatem
762 1219 894 1264 tueri.
934 1219 1055 1263 Cum
1081 1217 1349 1274 invenisset,

97 1307 196 1336 non
230 1291 354 1351 posse
379 1291 459 1335 nist
491 1291 798 1336 transmarinis
821 1289 1225 1337 subveffionibus:
1263 1293 1350 1336 Di-

98 1375 304 1408 nocrates
324 1397 336 1418 ‚
358 1363 513 1423 inquit
532 1397 544 1418 ‚
570 1363 765 1408 attendo
785 1365 1010 1426 egregiam
1033 1363 1207 1408 formae
1226 1379 1349 1409 com-

97 1439 404 1498 pofitionem.,
436 1439 476 1481 Sc
506 1454 556 1482 ea
589 1434 814 1492 deletion
842 1438 920 1482 sed
948 1437 1296 1493 animadverto,
1316 1437 1350 1483 fi

98 1510 199 1569 quis
221 1509 467 1554 deduxerit
493 1525 548 1553 eo
581 1511 685 1554 loco
718 1511 976 1566 coloniam,
1007 1510 1105 1555 fore
1138 1523 1190 1556 ut
1226 1510 1350 1555 iudi-

95 1581 222 1626 cium
255 1581 349 1625 eius
378 1581 678 1640 vituperetur.
715 1579 777 1625 Ut
807 1583 930 1625 enim
961 1593 1093 1626 natus
1128 1581 1274 1626 infans
1296 1582 1350 1626 si-

97 1670 157 1700 ne
183 1652 371 1698 nutricis
402 1650 516 1698 laete
547 1670 644 1698 nun
676 1654 826 1713 potest
849 1656 934 1710 ali,
967 1671 1123 1714 neque
1152 1655 1210 1700 ad
1230 1656 1350 1700 vitae

96 1725 336 1772 crescentis
371 1724 534 1788 gradus
576 1725 796 1784 perduci,
833 1726 889 1770 {ic
925 1726 1080 1771 civitas
1114 1727 1207 1771 fine
1237 1727 1350 1790 agriS

94 1800 135 1843 86
178 1814 341 1843 eorum
384 1793 607 1842 fructibus
650 1796 699 1840 in
742 1798 990 1843 moenibus
1027 1799 1348 1854 affluentibus,

96 1886 194 1918 non
220 1871 369 1932 potest
410 1871 632 1927 crescere,
670 1886 756 1915 nec
796 1871 888 1916 fine
913 1871 1198 1917 abundantia
1228 1872 1346 1927 cibi„

98 1942 405 2002 frequentiam
446 1943 650 1998 habere,
691 1945 1026 2004 populumque
1078 1946 1172 1989 fine
1216 1944 1349 2003 copia

98 2016 230 2060 tueri.
264 2017 428 2076 Itaque
459 2016 866 2076 quemadmodum
895 2016 1227 2062 formationem
1261 2033 1348 2076 pu-

98 2098 149 2131 to
189 2089 475 2147 probandam
495 2124 506 2146 ‚
557 2090 613 2134 fic
657 2089 816 2136 iudico
863 2092 1025 2136 locum
1075 2091 1347 2152 improban-

101 2159 239 2213 dum3
278 2171 417 2220 teque
446 2163 554 2206 volo
586 2160 669 2207 effe
705 2178 923 2217 mecum,
964 2163 1097 2223 quod
1130 2175 1209 2208 tua
1238 2179 1348 2223 ope-

98 2249 145 2277 ra
175 2233 273 2277 sum
304 2233 474 2279 usurus.
507 2235 576 2279 Ex
617 2251 672 2279 eo
701 2234 971 2279 Dinocrates
1002 2236 1061 2280 ab
1098 2251 1201 2296 rege
1246 2250 1344 2279 non

95 2304 310 2359 discessit,
352 2305 390 2348 8c
433 2308 479 2350 in
513 2308 782 2370 Aegyptum
821 2310 880 2353 est
920 2326 1029 2353 eum
1061 2310 1341 2368 proiecutus.

94 2374 166 2420 lbi
201 2374 464 2420 Alexander
495 2394 602 2423 cum
627 2379 1012 2424 animadvertiss‘et
1045 2390 1240 2437 portum
1264 2394 1344 2424 na-

96 2448 302 2493 turaiiter
331 2460 515 2506 tutum,
549 2452 814 2511 emporium
850 2452 1084 2515 egregium
1107 2485 1120 2508 ,
1158 2467 1344 2514 campos
