1600 2902
558 183 974 232 -VITA.
1399 197 1438 233 v

165 294 212 335 ad
238 304 387 334 moreS.
427 290 554 332 Porro
578 291 746 332 eundem
778 290 979 332 scientiam
1005 290 1134 340 illam,
1161 303 1266 344 quae
1295 291 1344 331 de
1370 303 1444 332 na-

169 369 258 398 tura
289 358 392 410 agit,
422 354 665 409 degustaffe,
701 368 750 394 ex
786 353 936 409 scriptis
963 357 1050 395 eius
1076 355 1202 409 palam
1229 354 1449 409 cognosci-

172 430 249 459 tur.
283 418 410 472 Saepe
431 418 534 457 enim
560 416 744 471 physicas
773 429 945 456 movens
970 416 1246 469 quaestiones,
1274 430 1342 458 eas
1369 416 1447 457 sol·

168 492 265 522 vere
297 492 496 530 conatur,
539 493 778 534 quamquam
808 480 847 518 id
874 479 978 520 haud
1007 481 1091 535 pari
1121 479 1322 520 felicitate.
1360 480 1451 520 Ne-

166 554 245 596 que
276 543 380 584 enim
412 555 461 582 ex
502 543 666 597 optimis
704 540 879 582 fontibus
915 542 1111 595 principia
1158 541 1445 582 &scientiam

166 604 286 659 ipsam
310 604 513 645 hauserat:
538 605 649 659 quod
675 604 766 643 aevi
794 604 930 657 potius
961 603 1064 644 illius
1084 635 1095 653 ‚
1120 617 1241 656 quam
1278 602 1350 645 suo
1377 603 1443 644 fa-

165 665 270 706 &um
308 666 441 716 vitIO,
473 667 539 706 ille
575 666 747 706 fateatur
785 663 939 704 necesse
974 665 1058 714 est,
1097 666 1165 717 qui
1203 665 1318 704 novit
1350 664 1442 706 illos

167 727 316 776 etiam,
344 727 411 779 qui
456 738 552 766 tunc
593 725 695 766 serio
733 737 779 764 ea
814 724 940 764 studia
975 724 1219 772 testrabant,
1253 724 1442 765 libentius

167 789 327 841 Epicuri
354 789 564 841 dogmata,
593 787 634 827 δι
658 786 832 826 Platonis
857 785 1043 834 delicias,
1069 798 1187 839 quam
1211 786 1443 826 Aristotelis.

167 851 519 906 Peripateticorum
548 850 759 903 principis,
785 849 826 889 ὅ(
846 849 1018 889 verioris
1041 848 1318 901 solidiorisque
1346 850 1440 903 phi-

165 915 365 969 losophiae
406 914 627 963 assertoris,
657 913 874 954 doetrinam
912 912 1118 955 adamasse.
1166 912 1327 953 Differit
1362 926 1439 954 au-

165 988 246 1016 tem
273 977 321 1018 de
349 979 439 1017 aere
456 1008 467 1025 ‚
502 977 550 1017 de
578 977 710 1016 ventis
736 978 776 1016 δι
812 976 948 1029 aquis,
983 977 1077 1016 item
1110 977 1158 1016 de
1189 977 1359 1030 plantis,
1386 979 1442 1018 de

166 1050 361 1079 terrarum
389 1052 434 1078 ac
464 1039 650 1080 foffilium
672 1039 849 1087 naturis,
880 1039 929 1078 de
953 1039 1096 1091 quibus
1114 1039 1303 1079 omnibus
1329 1051 1441 1080 arre-

168 1114 238 1155 pta
261 1116 283 1142 e
309 1103 487 1143 dicendis
508 1103 549 1143 &
577 1103 768 1143 docendis
802 1100 1040 1150 occasione,
1073 1100 1310 1154 longiffimas
1343 1114 1440 1155 per-

164 1162 278 1218 saepe
303 1163 588 1217 disputationes
610 1166 733 1204 texit:
760 1164 903 1217 quibus
938 1164 977 1202 in
1015 1163 1134 1204 rebus
1165 1176 1255 1204 cum
1287 1163 1335 1203 sit
1363 1165 1439 1205 ad-

165 1226 331 1266 modum
358 1225 567 1278 frequens,
598 1238 674 1266 nec
700 1225 782 1265 sine
813 1226 999 1265 acumine
1025 1225 1064 1265 δι
1092 1224 1262 1265 sollertia
1280 1258 1291 1275 ‚
1319 1240 1438 1280 argu-

165 1290 333 1328 mentari
355 1288 468 1328 facile
492 1289 546 1329 est
561 1320 572 1337 ‚
607 1302 691 1329 non
714 1290 874 1342 quidem
896 1290 1096 1342 ingenium
1124 1290 1200 1338 illi,
1223 1289 1288 1329 sed
1303 1293 1441 1344 potius

168 1352 314 1405 ingenii
342 1353 534 1393 culturam
559 1352 733 1393 defuiffe.
762 1354 1004 1399 Nosssautem
1020 1385 1031 1402 ,
1052 1366 1102 1393 ne
1122 1355 1322 1394 immerito
1342 1368 1438 1394 eum<

167 1415 327 1468 Epicuri
354 1417 584 1469 dogmatum
613 1414 723 1456 fuisse
746 1417 986 1457 imitatorem
1002 1448 1016 1466 ‚
1045 1417 1179 1456 dixisse
1198 1448 1209 1467 ‚
1232 1419 1349 1471 eique
1373 1421 1440 1459 in-

164 1477 297 1516 debite
324 1478 424 1517 hanc
455 1479 581 1518 veluti
604 1490 739 1518 notam
779 1480 977 1531 quandam
1006 1479 1172 1519 inuffiffe
1200 1482 1436 1532 videamur,

165 1550 214 1577 ea
248 1551 351 1590 quae
384 1538 557 1579 secundo
584 1539 744 1580 secundi
770 1540 857 1580 libri
893 1542 1022 1593 capite
1050 1540 1245 1595 profeffus
1276 1543 1332 1582 est
1353 1575 1365 1593 ‚
1395 1545 1436 1584 in.

165 1600 338 1639 medium
375 1599 618 1648 afferemus;
656 1600 710 1639 ibi
737 1602 841 1640 enim
868 1601 1050 1643 Thaletis
1075 1603 1116 1643 &
1141 1604 1338 1643 Heracliti
1369 1617 1437 1644 re·

164 1661 253 1700 latis
279 1662 559 1715 opinionibus,
584 1663 635 1702 de
661 1675 791 1702 rerum
821 1664 1051 1719 principiis,
1082 1666 1137 1705 ita
1167 1666 1436 1709 scribit-:De-

165 1726 325 1763 mocritus
340 1756 353 1771 ,
380 1725 499 1777 quique
512 1741 586 1765 eum
604 1725 745 1777 ficutus
760 1729 803 1779 est
820 1727 1023 1780 Epicurus,
1043 1742 1202 1778 atomos,·
1225 1745 1311 1782 quus
1333 1733 1435 1784 nostri

163 1785 362 1836 insecabilia
385 1800 550 1839 corpora,
571 1788 733 1827 nonnulli
757 1788 943 1827 individua
964 1792 1219 1834 vocitaverunt.
1241 1792 1438 1845 Pythago-

166 1861 292 1886 reorum
321 1862 397 1887 vero
432 1848 617 1901 disciplina
651 1849 778 1888 adiecit
806 1852 855 1889 ad
874 1866 1002 1902 aquam
1034 1852 1070 1891 ὁ»
1103 1853 1236 1906 ignem,
1269 1855 1304 1892 δ’
1329 1861 1436 1894 aerem

164 1909 202 1947 δ’
226 1921 406 1949 terrenum.
450 1912 545 1964 Ergo
564 1913 817 1959 Democritus,
847 1915 906 1963 etfi
928 1929 996 1953 non
1020 1917 1156 1968 proprie
1190 1931 1241 1954 res
1268 1917 1436 1956 nomina-

165 1971 243 2017 vit,
268 1973 332 2024 fid
361 1985 490 2012 tantum
517 1973 668 2024 indivisa
698 1989 839 2027 corpora
869 1976 1048 2028 proposuit
1058 1994 1075 2026 ‚·
1106 1978 1180 2017 ideo
1208 1993 1247 2016 ea
1271 1979 1347 2031 ipfiz
1376 1981 1435 2018 di-

166 2032 250 2082 xiſje
278 2034 433 2080 videtur,
455 2036 546 2086 quod
567 2050 608 2073 ea
635 2049 711 2074 curn
723 2035 809 2086 sunt
825 2036 1021 2086 disimula,
1054 2055 1112 2079 nec
1138 2041 1351 2088 laeduntur,
1374 2058 1432 2081 nec

165 2091 410 2133 internecionem
432 2098 620 2148 recipiunt,
655 2098 718 2148 sed
737 2098 936 2151 sempiterno
966 2118 1057 2140 aevo
1071 2116 1233 2155 perpetuo
1258 2106 1433 2156 infinitam

167 2154 303 2192 retinent
321 2155 544 2204 soliditatem.
594 2162 658 2199 Ex
683 2161 736 2199 his
762 2176 836 2215 ergo
860 2167 1120 2217 congruentibus
1144 2181 1217 2206 cum
1243 2183 1292 2205 rcs
1321 2185 1433 2208 omnes

166 2217 254 2254 coire
279 2217 437 2269 nascique
470 2223 670 2270 videantur,
720 2225 755 2262 6³
783 2239 838 2263 eae
865 2226 899 2263 in
930 2227 1078 2278 infinitis
1114 2230 1289 2282 generibus
1326 2249 1433 2272 rerum

168 2290 294 2315 natura
321 2279 421 2329 effi-nt
446 2283 664 2334 disparatae,
683 2288 812 2339 putavi
839 2301 985 2341 oportere
1003 2294 1040 2329 de
1062 2292 1282 2333 varictatibus
1304 2295 1338 2333 δ’
1354 2297 1433 2334 dis·

164 2340 359 2379 criminibus
386 2344 463 2394 uJiis
490 2362 626 2394 earum,
664 2364 811 2402 quasque
835 2353 990 2390 haberant
1015 2353 1050 2390 in
1079 2355 1246 2405 aedificiis
1273 2360 1437 2410 qualita-

165 2414 234 2447 tes,
253 2417 422 2455 exponere.
446 2405 643 2448 Ha&enus
661 2411 724 2450 ille
738 2442 749 2461 ‚
767 2412 835 2464 qui
853 2413 994 2452 eodem
1014 2415 1079 2454 lib.
1097 2429 1132 2456 c.
1156 2430 1186 2457 1.
1212 2419 1261 2457 de
1279 2420 1430 2473 prisco-

164 2475 252 2503 rum
278 2465 486 2507 hominum
509 2469 618 2520 vita,
639 2473 680 2512 δι
702 2474 750 2513 de
779 2474 902 2515 initiis
930 2475 1191 2519 humanitatis
1221 2494 1343 2535 atque
1369 2495 1431 2522 te·

1110 2554 1184 2595 ³3
