1600 2902
244 229 332 278 DE*
360 226 857 275 ARCHITECTURA
891 228 998 273 LIB.
1033 227 1157 274 VIII.
1242 243 1335 291 239

73 338 257 384 habere.
289 337 408 382 Item
447 337 508 382 est
532 336 577 380 in
610 335 804 381 Arcadia
837 335 1062 382 Nonacris
1095 334 1336 380 nominata

72 424 214 457 terrae
259 411 414 474 regio,
464 427 584 470 quae
622 411 762 456 habet
799 411 846 455 in
891 409 1131 454 montibus
1170 425 1195 452 e
1226 408 1333 453 saxo

70 486 283 530 stillantes
302 484 610 546 frigidissimos
629 484 860 527 humores.
888 483 1015 527 Haec
1032 495 1190 526 autem
1209 497 1331 540 aqua

67 558 219 619 Stygos
261 558 386 619 hydor
430 557 725 610 nominatur,
789 572 932 614 quarn
974 571 1132 614 neque
1173 570 1335 616 argen-

67 642 230 685 teum,
267 646 425 689 neque
451 645 678 682 aeneum,
713 643 870 686 neque
905 627 1108 672 ferreum
1139 643 1214 671 vas
1246 643 1333 685 po-

67 701 151 746 test
182 701 399 745 sustinere
421 735 434 756 ,
473 700 550 744 sed
582 699 733 743 diffilit
763 699 805 744 8c
843 699 1090 759 dissipatur.
1137 699 1335 744 Conser-

67 790 174 819 vare
203 784 360 817 autem
393 789 495 817 earn
529 772 569 818 8c
601 771 841 816 continere
864 772 980 816 nihil
1010 772 1134 815 aliud
1158 772 1333 830 potest,

67 848 151 892 nisi
176 848 353 893 mulina
389 848 562 907 ungula
584 879 597 901 ‚
633 861 755 904 quae
788 844 927 889 etiam
958 857 1245 889 memoratur
1272 845 1331 889 ab

67 917 315 979 Antipatro
345 921 393 962 in
424 917 735 977 provinciam,
783 917 867 962 ubi
901 927 995 961 erat
1036 917 1332 971 Alexander,

67 1007 151 1050 per
184 991 347 1034 Iollam
384 989 534 1033 filium
553 990 728 1049 perlata
753 987 837 1033 esse
857 1024 869 1043 ‚
901 988 941 1034 8c
963 987 1020 1032 ab
1054 1004 1110 1032 eo
1134 1004 1186 1032 ea
1211 1004 1334 1047 aqua

67 1081 223 1127 regem
253 1062 339 1107 effe
364 1073 598 1108 necatum.
640 1062 758 1106 Item
796 1061 993 1122 Alpibus
1027 1062 1074 1105 in
1104 1061 1234 1107 Cotti
1264 1079 1334 1107 re-

66 1153 160 1198 gno
194 1136 256 1180 est
291 1153 435 1194 aqua,
483 1152 628 1194 quam
661 1136 744 1194 qui
782 1135 990 1197 gustant,
1035 1135 1182 1179 statim
1222 1150 1336 1179 con-

67 1211 248 1255 cidunt.
310 1210 434 1272 Agro
475 1222 634 1254 autem
684 1210 854 1254 Falisco
896 1209 968 1253 via
1005 1209 1243 1270 Campana
1283 1210 1335 1255 in.

67 1298 235 1342 campo
267 1281 474 1326 Corneto
514 1281 576 1325 est
609 1283 763 1336 lucus,
800 1281 847 1324 in
882 1297 978 1340 quo
1012 1281 1114 1325 fons
1159 1282 1332 1337 oritur,

67 1341 153 1398 ubi
185 1355 408 1417 anguium
444 1354 484 1398 Sc
516 1355 789 1398 lacertarum
827 1355 1212 1415 reliquarumque
1248 1356 1335 1400 ser·-

68 1428 287 1489 pentium
326 1426 414 1471 ossa
446 1427 638 1472 iacentia
672 1438 910 1487 apparent.
946 1430 1063 1472 Item
1091 1428 1196 1473 sunt
1215 1446 1334 1474 non-

69 1501 226 1546 nullae
268 1499 422 1544 acidae
461 1515 606 1544 venae
646 1499 880 1554 fontium,
923 1500 992 1544 uti
1027 1501 1255 1562 Lyncesto
1291 1502 1332 1547 ἃ

68 1572 117 1616 in
160 1572 287 1616 Italia
327 1571 526 1627 virm-01,
575 1571 831 1631 Campania
867 1571 1086 1628 Theano,
1140 1574 1333 1633 aliisque

67 1645 179 1689 locis
202 1643 438 1704 pluribus,
470 1660 589 1703 quae
615 1645 734 1688 hanc
770 1645 946 1690 habent
974 1645 1197 1691 virtutem
1215 1682 1226 1700 ,
1262 1647 1332 1692 uti

70 1717 269 1761 calculos
294 1716 342 1760 in
368 1716 546 1772 vesicis,
586 1718 669 1776 qui
701 1718 952 1762 nascuntur
985 1718 1033 1763 in
1057 1720 1333 1778 corporibus

68 1790 348 1844 hominum,
384 1790 659 1850 potionibus
706 1791 967 1837 discutiant.
1017 1792 1134 1837 Fieri
1169 1805 1332 1839 autem

70 1862 162 1906 hoc
191 1863 458 1907 naturaliter
482 1863 541 1906 ita
564 1896 576 1918 ,
611 1863 718 1907 ideo
749 1864 963 1919 videtur,
1003 1865 1136 1924 quod
1170 1882 1272 1910 acer
1292 1866 1333 1910 Sc

71 1934 228 1979 acidus
259 1934 418 1979 succus
452 1934 602 1979 subest
622 1935 669 1978 in
692 1952 741 1980 ea
762 1947 877 1980 terra
895 1971 906 1991 ‚
933 1953 1014 1996 per
1036 1954 1177 1997 quam
1200 1955 1331 2000 egre-

71 2004 250 2050 dientes
296 2023 441 2051 venae
494 2007 790 2069 intinguntur
841 2011 1130 2066 acritudine,
1184 2012 1223 2057 3<
1271 2013 1334 2057 ita

70 2092 181 2121 cum
211 2077 257 2120 in
283 2094 452 2138 corpus
480 2080 707 2137 inierunt,
741 2082 952 2143 dislipant
977 2100 1097 2143 quae
1118 2100 1174 2128 ex
1193 2101 1334 2143 aqua-

70 2164 177 2193 rum
199 2149 476 2194 subsidentia
505 2152 552 2196 in
589 2155 884 2214 corporil2u5‚
922 2156 961 2200 Sc
992 2157 1332 2201 concrescentia

72 2222 385 2266 ostenderunt.
424 2224 580 2290 Quare
599 2238 756 2271 autem
788 2228 1092 2273 discutiantur
1119 2246 1175 2274 ex
1193 2230 1332 2274 acidis

72 2310 151 2338 eae
182 2311 278 2349 res,
310 2295 367 2339 slc
401 2297 637 2355 possumus
666 2299 1046 2345 animadvertere.
1086 2303 1247 2346 Ovum
1282 2303 1332 2346 in

70 2379 202 2412 aceto
227 2369 255 2412 sl
279 2369 452 2413 diutius
477 2372 677 2429 positum
708 2373 845 2418 fuerit
867 2409 879 2429 ‚
913 2387 1072 2418 cortex
1098 2376 1192 2419 eius
1214 2378 1333 2420 mol-

70 2440 205 2484 lescet
238 2440 277 2484 Sc
309 2440 586 2486 dissolvetur.
634 2443 749 2488 Item
780 2445 1069 2504 plumbum,
1103 2447 1235 2505 quod
1271 2448 1331 2492 cst

67 2513 367 2560 lentissimum
400 2515 440 2559 86
472 2516 813 2578 gravissimum,
856 2520 886 2562 sl
918 2520 964 2562 in
999 2521 1098 2564 vale
1130 2521 1330 2565 colloca-
