1600 2902
240 191 303 238 60
498 187 564 232 M.
600 185 890 231 VITRUVII
923 185 1209 233 POLLION
1212 184 1264 231 IS

238 294 315 344 sed
349 294 456 339 sunt
490 294 648 338 firmae
697 291 736 337 8c
766 292 824 337 ad
865 293 1136 339 vetustatem
1174 295 1284 340 ideo
1319 309 1500 355 perma-

237 375 432 420 nentes,
467 363 598 423 quod
632 379 799 423 parum
825 363 1001 408 habent
1035 381 1059 409 e
1092 379 1281 411 naturae
1308 366 1496 412 mixtio-

238 452 299 481 ne
342 437 452 480 aeris
497 436 538 482 8c
571 436 719 498 ignis,
764 436 974 480 humoris
1009 448 1167 482 autem
1209 447 1499 498 temperate,

235 511 598 571 plurimumque
624 512 792 556 terreni
819 532 826 556 :
860 513 918 556 ita
939 511 1073 571 spiffis
1099 510 1502 573 compaciionibus

239 583 456 628 solidatae
487 599 644 642 neque
663 583 721 627 ab
741 583 1110 643 tempestatibus,
1130 600 1285 643 neque
1308 586 1366 629 ab
1384 584 1499 647 ignis

236 657 534 701 vehementia
565 668 806 702 nocentur.
851 657 903 701 Id
924 668 1078 703 autem
1101 657 1305 701 maxime
1323 657 1501 702 iudica-

237 745 286 774 re
316 729 424 773 licet
457 746 481 774 e
511 728 855 784 monumentis,
903 745 1024 789 quae
1060 729 1165 773 sunt
1192 729 1308 774 circa
1343 729 1501 774 muni-

239 798 416 859 cipium
453 799 654 844 Ferentis
697 816 754 844 ex
789 801 856 844 his
890 797 1005 845 faesia
1036 800 1322 859 lapicidinis:
1366 815 1500 844 nam-

238 887 334 931 que
369 871 546 916 habent
572 872 613 917 8c
644 871 806 917 statuas
839 874 1011 932 amplas
1050 869 1184 916 facias
1217 872 1397 934 egregie
1418 904 1431 926 ,
1460 870 1501 915 8c

236 942 421 988 minora
460 944 628 1007 sigilla,
680 943 912 1004 floresque
951 945 991 989 8c
1024 946 1240 990 acanthos
1271 947 1504 1006 eleganter

237 1016 460 1075 scalptos,
511 1033 631 1076 quae
664 1033 773 1061 cum
814 1017 899 1061 smt
930 1017 1139 1072 vetusta,
1178 1017 1235 1060 fic
1275 1024 1502 1075 apparent

237 1089 439 1134 recentia
459 1122 471 1143 ‚
509 1089 580 1133 uti
615 1089 644 1132 fi
666 1089 751 1133 sint
778 1088 926 1132 modo
957 1085 1082 1133 faesia.
1117 1088 1230 1133 Non
1257 1088 1412 1132 minus
1436 1096 1504 1130 et-

239 1161 330 1206 iam
362 1160 479 1205 fabri
512 1160 666 1206 aerarii
700 1160 756 1205 de
777 1160 843 1204 his
876 1159 1134 1219 lapicidinis
1154 1160 1201 1203 in
1220 1160 1330 1203 aeris
1363 1158 1501 1202 flatu-

237 1248 283 1276 ra
313 1232 480 1277 formas
520 1232 694 1277 habent
727 1242 1035 1292 comparatas,
1071 1231 1112 1277 gc
1147 1247 1205 1276 ex
1242 1231 1310 1275 his
1338 1229 1396 1274 ad
1430 1244 1502 1273 aes

237 1302 543 1347 fundendum
581 1304 801 1348 maximas
839 1303 1088 1357 utilitates,
1131 1317 1252 1361 quae
1290 1301 1320 1345 si
1351 1314 1501 1360 prope

237 1376 413 1421 Urbem
449 1375 616 1431 effent,
653 1376 852 1438 dignum
875 1373 1007 1432 effet,
1048 1384 1102 1418 ut
1132 1390 1191 1419 ex
1210 1373 1276 1418 his
1311 1373 1502 1418 officinis

237 1448 394 1491 omnia
427 1465 566 1508 opera
607 1449 952 1507 perficerentur.
1006 1447 1129 1492 Cum
1161 1462 1269 1508 ergo
1306 1456 1501 1506 propter

238 1520 642 1579 propinquitatem
665 1518 895 1563 necessitas
919 1530 1052 1579 cogat
1076 1533 1133 1562 ex
1159 1518 1311 1562 rubris
1341 1517 1500 1576 lapici-

239 1592 379 1645 dinis,
412 1590 451 1635 8c
489 1590 783 1646 Allienfibus,
810 1591 850 1636 8<
881 1606 1001 1650 quae
1040 1590 1147 1636 sunt
1186 1591 1304 1636 Urbi
1338 1590 1501 1651 proxi-

238 1680 366 1717 mae,
397 1663 539 1722 copiis
575 1662 668 1715 nti3
704 1661 734 1705 fi
760 1662 841 1720 qui
864 1662 1101 1707 voluerint
1124 1663 1214 1708 fine
1243 1663 1365 1708 vitiis
1393 1680 1501 1723 per-

239 1737 400 1790 ficere,
431 1735 492 1779 ita
530 1734 614 1780 erit
657 1735 1044 1794 praeparandum.
1098 1736 1219 1780 Cum
1255 1736 1501 1781 aedifican-

238 1808 356 1852 dum
392 1808 551 1865 fuerit,
587 1821 694 1853 ante
722 1809 968 1853 biennium
998 1826 1047 1854 ea
1077 1809 1178 1854 saxa
1197 1825 1295 1854 non
1315 1809 1498 1865 hieme,

236 1880 314 1924 sed
339 1880 529 1937 aestate,
565 1880 859 1937 eximantur,
895 1880 935 1926 8c
970 1879 1161 1927 iacentia
1195 1890 1500 1941 permaneant

235 1955 285 1999 in
319 1955 432 2000 locis
462 1954 757 2014 patentibus:
800 1970 921 2013 quae
958 1965 1117 1999 autem
1154 1972 1179 1999 a
1220 1954 1500 2014 tempestati-

235 2028 323 2073 bus
362 2045 417 2072 eo
462 2028 655 2072 biennio
683 2023 797 2071 tacta
832 2026 946 2072 laesa
985 2026 1188 2082 fuerint,
1224 2044 1274 2072 ea
1306 2028 1355 2072 in
1390 2028 1499 2072 fun-

235 2100 455 2145 damenta
495 2100 822 2155 coniiciantur3
876 2111 1023 2145 cetera
1066 2117 1187 2159 quae
1223 2116 1322 2145 non
1359 2110 1499 2145 erunt

235 2172 420 2229 vitiata,
453 2172 511 2216 ab
542 2184 704 2217 natura
745 2188 901 2216 rerum
939 2172 1167 2232 probata,
1212 2172 1375 2217 durare
1410 2188 1499 2231 po-

234 2255 395 2288 terunt
435 2246 568 2304 supra
609 2256 776 2289 terram
820 2244 1081 2289 aedificata:
1125 2260 1212 2289 nec
1248 2244 1398 2289 solum
1445 2257 1498 2286 ea.

236 2317 284 2359 in
313 2316 544 2375 quadratis
570 2316 805 2376 lapidibus
840 2316 945 2360 sunt
975 2314 1290 2374 observanda,
1328 2312 1405 2359 sed
1429 2322 1495 2358 et-

238 2388 329 2434 iam
359 2389 410 2434 in
446 2388 748 2436 caementitiis
778 2385 1019 2435 strutsturis.
