1600 2902
279 199 308 236 1³1
321 203 378 236 ιο
523 185 592 231 Μ.
628 183 924 233 VITRUVII
956 185 1297 236 POLLIONIS

281 314 389 344 rum
412 293 699 356 occupavisse
727 296 826 341 loca
855 295 1154 342 videbuntur.
1186 298 1394 358 Utraque
1416 295 1546 344 enim

281 370 324 415 8:
353 369 472 413 inter
496 367 758 412 denticulos
788 365 830 411 8(
857 367 977 411 inter
1006 368 1264 430 triglyphos
1299 387 1420 429 quae
1438 370 1548 415 sunt

280 440 559 495 intervalla,
615 451 837 499 metopae
886 439 1231 497 nominatum-5
1277 446 1373 490 ὅπως
1422 444 1552 489 enim

283 514 446 560 Graeci
490 513 729 576 tignorum
772 513 946 557 cubilia
982 513 1022 559 8c
1053 512 1247 562 affetum
1272 519 1512 577 appellant
1533 549 1550 572 ‚

281 587 352 632 uti
382 586 521 631 nostri
551 602 602 630 ea
626 601 760 640 cava,
789 584 1105 630 columbaria:
1138 585 1224 642 ita,
1257 588 1393 647 quod
1422 589 1546 634 inter

283 656 395 702 duas
424 674 532 717 opas
561 657 624 701 est
655 657 1010 720 intertignium‚
1036 658 1086 704 id
1113 670 1303 720 metopa
1331 661 1394 706 est
1418 659 1550 721 apud

281 746 360 776 eos
386 733 701 776 nominatum.
749 732 816 775 Ita
848 731 917 776 uti
953 743 1061 776 ante
1096 732 1142 775 in
1179 733 1359 779 Doricis
1387 736 1548 797 trigly-

282 805 491 865 phorum
531 806 570 850 Sc
600 807 900 850 mutulorum
934 806 995 850 est
1026 807 1216 852 inventa
1255 808 1399 862 rati03
1434 808 1550 853 item

279 877 330 923 in
354 878 520 923 Ionicis
548 878 899 923 denticulorum
935 879 1203 924 constitutio
1237 880 1474 940 propriam
1499 879 1550 923 in

279 951 501 1011 operibus
545 951 684 996 habet
728 952 989 996 rationem:
1045 952 1086 997 Sc
1134 952 1550 1012 quemadmodum

279 1025 458 1070 mutuli
485 1025 831 1069 cantheriorum
863 1021 1152 1084 proietslurae
1193 1025 1349 1070 ferunt
1385 1025 1551 1088 imagi-

280 1112 420 1152 nem,
460 1097 515 1141 fic
546 1098 594 1140 in
626 1097 791 1142 Ionicis
826 1096 1053 1142 denticuli
1088 1113 1146 1141 ex
1178 1096 1449 1157 proiecluris
1487 1096 1550 1142 as-

280 1172 434 1217 serum
482 1172 657 1217 habent
699 1172 1028 1216 imitationem.
1075 1172 1240 1231 Itaque
1278 1173 1327 1216 in
1362 1171 1547 1216 Graecis

283 1242 535 1307 operibus,
570 1262 712 1290 nemo
742 1245 826 1289 sub
863 1246 1054 1290 mutulo
1090 1245 1354 1290 denticulos
1382 1245 1551 1290 consti-

282 1320 388 1364 tuit.
416 1318 529 1363 Non
553 1318 678 1362 enim
707 1317 896 1378 poffunt
926 1317 1088 1362 subtus
1120 1317 1377 1362 cantherios
1395 1316 1551 1362 afferes

283 1390 383 1437 effe.
435 1391 587 1459 Quod
620 1408 729 1453 ergo
757 1391 892 1451 supra
927 1391 1187 1436 cantherios
1220 1389 1260 1435 8c
1293 1392 1468 1450 templa
1501 1390 1551 1435 in

281 1466 477 1511 veritate
513 1466 656 1511 debet
694 1465 779 1510 effe
816 1467 1130 1520 collocatum,
1168 1465 1217 1508 id
1256 1464 1304 1508 in
1339 1464 1552 1526 imagini-

282 1540 402 1595 bus,
429 1540 457 1584 fi
486 1540 602 1584 infra
627 1539 935 1583 constitutum
970 1539 1138 1594 fuerit,
1169 1538 1443 1582 mendosam
1473 1538 1552 1582 ha-

283 1611 417 1657 bebit
455 1611 603 1670 operis
641 1611 884 1654 rationem.
938 1610 1188 1669 Etiamque
1225 1608 1410 1668 antiqui
1448 1625 1549 1654 non

281 1681 626 1743 probaverunt,
656 1697 815 1739 neque
843 1681 1142 1726 instituerunt
1168 1680 1215 1725 in
1246 1680 1423 1741 fastigiis
1443 1695 1552 1723 mu-

283 1755 409 1797 tulos
449 1764 530 1797 aut
568 1753 831 1797 denticulos
874 1754 1001 1808 lieri,
1042 1752 1121 1796 sed
1159 1768 1293 1812 puras
1326 1768 1546 1796 coronas:

283 1826 394 1870 ideo
434 1826 569 1885 quod
606 1842 691 1871 nec
724 1826 945 1870 cantherii
981 1841 1068 1871 nec
1104 1825 1256 1870 afferes
1290 1836 1451 1870 contra
1485 1823 1551 1867 fa·-

284 1898 523 1960 stigiorum
545 1898 716 1942 frontes
738 1898 1083 1944 distribuuntur
1100 1934 1112 1955 ‚
1138 1916 1223 1945 nec
1243 1897 1430 1959 possunt
1447 1913 1553 1957 pro·

282 1971 493 2027 minere,
527 1970 604 2016 sed
629 1971 687 2014 ad
716 1971 939 2016 stillicidia
970 1971 1218 2031 proclinati
1248 1971 1549 2014 collocantur.

286 2042 379 2098 Ita,
416 2042 550 2102 quod
579 2059 676 2087 non
707 2043 856 2102 potest
888 2035 937 2087 in
975 2043 1167 2088 veritate
1204 2042 1327 2097 fieri,
1362 2041 1411 2085 id
1449 2057 1550 2086 non

285 2127 576 2176 putaverunt
599 2149 612 2170 ‚
644 2116 692 2159 in
728 2115 1008 2177 imaginibus
1050 2111 1224 2159 sagium
1249 2149 1261 2171 ,
1293 2112 1419 2174 posse
1454 2129 1551 2158 cer-

283 2200 381 2234 tam
410 2189 638 2233 rationem
678 2187 860 2231 habere.
911 2187 1087 2232 Omnia
1127 2186 1253 2230 enim
1288 2197 1410 2231 certa
1443 2201 1551 2244 pro-

284 2261 481 2321 prietate
528 2261 568 2305 Sc
617 2276 641 2304 a
685 2260 803 2304 veris
844 2272 1032 2304 naturae
1073 2258 1286 2304 deductis
1335 2259 1548 2304 moribus

285 2332 595 2378 traduxerunt
625 2333 672 2375 in
705 2348 903 2390 operum
939 2328 1272 2391 perfectiones,
1308 2333 1346 2375 Sc
1373 2347 1421 2374 ea
1443 2346 1549 2388 pro-

284 2403 516 2449 baverunt
536 2438 549 2458 ‚
596 2420 800 2463 quorum
833 2404 1164 2463 explicationes
1194 2405 1240 2446 in
1272 2402 1547 2461 disputatio-

287 2476 427 2522 nibus
457 2478 685 2522 1ationem
719 2475 909 2537 poll'unt
937 2477 1107 2522 habere
1144 2473 1354 2522 veritatis.
1386 2474 1549 2533 ltaque
