1600 2902
237 173 329 223 216
489 167 556 212 M.
589 166 879 213 VITRUVII
910 168 1244 216 POLLIONIS

235 287 393 323 autem
417 274 464 319 in
493 274 797 334 Ephesiorum
825 274 1020 319 metallis
1037 275 1226 323 fuerunt
1256 276 1488 330 officinae,

236 361 364 393 nunc
400 346 610 391 traieclae
638 346 743 392 sunt
774 346 879 391 ideo
913 346 1133 402 Romam,
1170 350 1301 410 quod
1328 349 1373 393 id
1408 366 1487 409 ge-

237 433 326 462 nus
356 433 499 462 venae
529 418 684 477 postea
709 417 770 462 est
790 418 1037 463 inventurn
1070 419 1312 478 Hispaniae
1339 420 1489 481 regio-

236 489 399 544 nibuS,
449 506 506 534 ex
548 505 746 548 quarum
784 491 978 535 metallis
1021 491 1181 554 glebae
1210 504 1489 551 portantur,

235 560 279 606 8c
300 577 382 620 per
400 561 694 621 plublicanos
728 561 904 606 Romae
933 573 1168 607 curantur.
1214 562 1301 606 Eae
1331 574 1489 608 autem
1531 611 1545 623 υ

237 632 446 679 officinae
495 632 602 676 sunt
650 632 769 676 inter
804 633 970 677 aedem
1013 633 1171 676 Florae
1211 633 1251 677 Sc
1287 632 1490 700 Quirini.

236 703 442 748 Vitiatur
474 703 673 748 minium
708 705 917 751 admixta
957 706 1091 750 calce.
1138 705 1301 763 Itaque
1326 705 1355 748 si
1389 706 1493 764 quis

236 777 352 820 velit
383 776 581 835 experiri
612 776 663 820 id
691 777 784 821 fine
813 778 928 823 vitio
963 778 1077 833 esse,
1108 777 1165 822 fic
1195 778 1278 821 erit
1316 777 1493 820 faciun-

238 848 369 901 dum.
405 849 564 895 Ferrea
592 850 746 893 lamna
770 849 1006 905 sumatur,
1042 851 1088 894 in
1112 866 1163 894 ea
1195 848 1393 893 minium
1417 849 1493 892 im·

239 931 446 981 ponatur
473 956 484 977 ‚
533 920 591 965 ad
638 920 793 983 ignem
843 923 1099 966 collocetur
1149 921 1298 966 donec
1341 922 1495 966 lamna

239 993 502 1039 candescat:
531 1011 641 1038 cum
669 1011 694 1039 e
721 994 922 1039 candore
956 996 1083 1039 color
1107 996 1381 1039 immutatus
1405 993 1497 1038 fue-

237 1067 299 1113 rit
318 1099 331 1120 ‚
367 1066 548 1124 eritque
581 1078 703 1121 ater,
745 1069 936 1112 tollatur
962 1070 1112 1112 lamna
1141 1068 1198 1112 ab
1228 1068 1362 1129 igne,
1398 1068 1439 1113 8(
1462 1067 1494 1110 fi

240 1137 558 1200 refrigeratum
599 1139 856 1183 restituatur
896 1140 943 1183 in
977 1139 1218 1198 pristinum
1261 1141 1498 1196 colorem,

241 1211 337 1257 fine
369 1211 481 1255 vitio
512 1209 555 1255 se
588 1209 674 1254 esse
706 1211 939 1271 probabit.
975 1211 1056 1256 Sin
1090 1223 1249 1256 autem
1282 1227 1498 1270 perman-

241 1281 346 1325 serit
385 1281 516 1342 nigro
548 1282 729 1338 colore,
763 1283 1033 1344 significabit
1073 1282 1116 1326 se
1150 1282 1233 1327 effe
1265 1283 1496 1329 vitiatum.

242 1354 379 1419 Quae
403 1354 659 1398 iuceurrere
680 1367 939 1414 potuerunt
960 1356 1073 1400 mihi
1102 1355 1161 1399 de
1182 1356 1354 1410 minio,
1385 1355 1496 1400 dixi.

242 1425 538 1486 Clirysucolla
584 1438 855 1504 apportatur
895 1443 918 1470 a
961 1426 1267 1481 Macedonia,
1319 1425 1495 1471 foditur

242 1505 399 1538 autem
426 1512 482 1539 ex
508 1496 722 1549 hislocis,
749 1497 956 1555 quisunt
978 1496 1181 1555 proximi
1208 1497 1379 1540 aerariis
1398 1513 1498 1541 me-

243 1569 371 1612 tallis.
422 1568 624 1612 Minium
659 1570 698 1613 8c
725 1569 939 1613 Indicum
971 1570 1242 1614 nominibus
1263 1569 1364 1629 ipsis
1388 1569 1499 1613 indi·

242 1652 398 1695 catur,
430 1639 602 1698 quibus
622 1641 669 1683 in
694 1641 804 1684 locis
837 1653 1148 1700 procreantur.

641 1751 975 1797 CAPUT
1040 1750 1101 1795 X.

325 1840 396 1886 De
431 1842 664 1888 coloribus.
699 1843 770 1903 qui
793 1853 884 1885 arte
904 1844 1059 1903 fiunt‚·
1098 1839 1145 1883 de
1176 1851 1421 1884 atramento.

326 1935 561 1997 Ingrediar
593 1950 719 1980 nunc
755 1933 813 1978 ad
845 1950 917 1989 ea,
950 1950 1071 1993 quae
1107 1950 1164 1978 ex
1196 1933 1288 1978 aliis
1321 1937 1500 1997 generi-

248 2007 338 2052 bus
371 2005 694 2052 traClationum
726 2007 1046 2066 temperaturis
1078 2018 1387 2063 commutata,
1429 2026 1502 2055 re-

249 2080 434 2139 cipiunt
458 2081 667 2123 colorum
695 2079 1009 2138 proprietates.
1040 2078 1094 2122 Et
1125 2079 1332 2137 primum
1354 2096 1501 2139 expo·-

251 2167 358 2200 nam
388 2151 448 2196 de
471 2161 760 2204 atramento,
793 2151 921 2195 cuius
950 2149 1054 2194 usus
1086 2152 1133 2194 in
1166 2151 1382 2210 operibus
1401 2169 1500 2196 ma·

252 2242 360 2287 guas
390 2226 530 2270 habet
564 2225 839 2269 necestitates
866 2259 879 2280 ‚
916 2237 970 2269 ut
1007 2226 1095 2270 sint
1130 2236 1294 2280 notae,
1331 2242 1500 2284 quem-

254 2300 514 2345 admodum
551 2310 883 2358 praeparentur
916 2300 1045 2345 certis
1075 2300 1332 2344 rationibus
1358 2299 1498 2342 artifi-

254 2374 434 2418 ciorum
465 2373 522 2419 ad
556 2373 603 2416 id
636 2384 985 2431 temperaturae.
1039 2372 1262 2430 Namque
1294 2370 1499 2414 aedifica-

254 2456 331 2492 tur
360 2446 513 2502 locus,
545 2445 615 2492 uti
641 2444 934 2503 laconicum,
964 2444 1005 2490 8c
1032 2445 1268 2506 expolitur
1294 2458 1499 2488 marmo-
