1600 2902
250 166 309 215 82
498 165 565 213 M.
601 166 888 214 VITRUVII
920 169 1256 217 POLLIONIS

249 274 309 318 est
332 284 626 332 comparata,
657 275 826 336 peregi.
868 274 1006 321 Nunc
1039 277 1087 322 in
1117 279 1255 324 tertio
1286 277 1346 323 de
1378 278 1506 325 Deo·-

249 363 356 392 rum
390 346 729 391 immortalium
764 347 956 392 aedibus
989 349 1116 393 sacris
1150 351 1325 409 dicam,
1356 353 1397 398 Sc
1435 354 1503 398 uti

248 429 464 479 oporteat
492 419 757 479 perscriptas
789 419 877 465 effe
914 436 1162 481 exponam.

650 530 690 576 C
725 529 766 576 A
800 531 835 576 Ρ
870 531 911 576 U
944 531 988 576 T
1053 532 1087 576 I.

280 618 351 665 De
368 621 596 680 sacrarum
625 621 787 666 aedium
822 620 1106 684 co2¹<np<3fitt'0ne
1142 622 1182 665 df
1196 622 1469 684 spirziizetriz's.

331 714 537 760 Aedium
574 715 850 775 compositio
895 715 1072 760 constat
1108 732 1167 761 ex
1203 717 1502 778 symmetria,

239 787 372 833 cuius
414 788 643 833 rationem
687 787 1029 849 diligentissime
1066 787 1299 835 architecti
1337 803 1496 836 tenere

241 859 433 904 debent.
472 858 532 902 Ea
564 869 722 903 autem
758 859 933 918 paritur
963 875 987 902 a
1018 861 1326 919 proportione
1346 896 1357 918 ,
1378 878 1501 921 quae

240 931 414 976 Graece
439 930 635 982 ἀναλογία
672 928 855 975 dicitur.
897 928 1146 989 Proportio
1172 932 1235 974 est
1258 943 1380 976 ratae
1397 948 1502 991 par-

237 1007 292 1050 tis
329 1006 649 1050 membrorum
680 1005 727 1048 in
759 1005 890 1048 omni
921 1020 1061 1063 opere
1097 1004 1337 1064 totiusque
1372 1021 1499 1050 com-

238 1078 524 1132 modulatio,
547 1093 605 1121 ex
632 1091 724 1136 qua
752 1077 866 1120 ratio
895 1077 1090 1121 efficitur
1110 1077 1497 1137 symmetriarum.

237 1150 458 1209 Namque
495 1165 594 1194 non
633 1149 784 1208 potest
813 1148 945 1192 aedes
984 1149 1077 1191 ulla
1113 1147 1205 1192 fine
1233 1147 1499 1208 symmetria

238 1236 379 1282 atque
410 1221 719 1282 proportione
749 1221 980 1265 rationem
1011 1219 1180 1264 habere
1200 1220 1499 1280 compositio-

238 1298 340 1351 nis,
386 1297 467 1340 nifi
514 1295 583 1339 uti
623 1294 683 1338 ad
718 1294 921 1339 hominis
961 1295 1083 1339 bene
1127 1294 1309 1355 figurati
1348 1311 1500 1339 mem-

240 1369 438 1413 brorum
487 1367 703 1411 habuerit
746 1365 952 1411 madiam
1004 1367 1243 1411 rationem.
1317 1367 1497 1427 Corpus

241 1441 366 1484 enim
402 1439 605 1483 hominis
632 1438 693 1482 ita
723 1450 885 1482 nat-ura
916 1439 1212 1497 composuit,
1248 1440 1315 1483 uti
1343 1457 1392 1483 os
1421 1456 1495 1483 ca-

240 1511 346 1570 pitis
393 1526 417 1553 a
452 1519 615 1552 mento
655 1506 714 1550 ad
748 1506 950 1549 frontem
991 1506 1221 1550 summam
1259 1508 1299 1550 ὅς
1324 1508 1496 1553 radices

240 1583 353 1626 imas
390 1579 543 1639 capilli
584 1577 689 1623 effet
721 1577 927 1622 decimae
961 1579 1109 1636 partis.
1168 1579 1286 1624 Item
1329 1597 1494 1625 manus

237 1654 393 1713 palma
425 1651 481 1695 ab
518 1649 710 1694 articulo
741 1649 799 1692 ad
831 1661 1095 1693 extremum
1127 1651 1342 1694 medium
1379 1652 1494 1714 digi-

236 1736 368 1779 tum,
390 1723 685 1768 tantundem.
741 1720 896 1779 Caput
920 1738 944 1765 a
968 1732 1130 1765 mento
1161 1722 1219 1765 ad
1255 1723 1493 1767 summum

238 1796 460 1842 verticem
488 1829 501 1849 ,
546 1790 758 1839 offlavae:
812 1793 1095 1837 tantundem
1143 1793 1200 1837 ab
1239 1792 1495 1839 cervicibus

238 1868 353 1913 imis.
389 1868 462 1912 Ab
489 1868 672 1911 summo
702 1863 890 1925 peElore
911 1865 975 1909 -ad
1004 1865 1115 1909 imas
1145 1865 1316 1910 radices
1355 1867 1494 1925 capil-

237 1942 394 1986 lorum
412 1975 425 1997 ,
445 1941 623 1985 sextae:
657 1938 715 1982 ad
744 1938 981 1982 summum
1006 1938 1224 1983 verticem
1244 1972 1258 1994 ,
1286 1951 1492 1998 quartae.

239 2014 383 2073 Ipsius
424 2024 583 2058 autem
620 2011 706 2056 oris
746 2010 1005 2056 altitudinis
1046 2012 1177 2056 tertia
1209 2030 1310 2073 pars
1344 2012 1405 2057 est
1432 2014 1491 2058 ab

237 2086 336 2130 imo
365 2096 529 2129 mento
566 2083 625 2128 ad
658 2084 769 2127 imas
791 2099 947 2128 nares:
986 2085 1118 2128 nasus
1149 2085 1208 2129 ab
1238 2085 1341 2130 imis
1373 2086 1493 2130 nari-

235 2159 324 2204 bus
357 2157 416 2203 ad
455 2158 597 2202 finem
639 2156 854 2201 medium
887 2157 1259 2216 superciliorum,
1305 2169 1494 2204 tantun-

237 2231 377 2275 dem:
423 2232 480 2275 ab
516 2248 566 2275 ea
605 2230 697 2274 fine
736 2229 796 2274 ad
832 2229 944 2274 imas
974 2230 1145 2275 Iadiccs
1181 2231 1372 2290 capilli,
1405 2231 1489 2275 ubi

236 2302 362 2347 frons
393 2303 611 2357 efficitur,
640 2302 753 2346 item
789 2302 948 2347 tertiae
975 2304 1126 2361 partis.
1175 2303 1259 2347 Pes
1292 2319 1400 2349 vero
1428 2304 1490 2345 al-

235 2374 452 2419 titudinis
482 2375 685 2434 corporis
716 2375 881 2419 sextae.
931 2376 1130 2421 Cubitus
1162 2387 1359 2436 quartae.
1404 2373 1489 2418 Pe-

236 2441 337 2491 &us
386 2447 500 2493 item
543 2458 744 2507 quartae.
795 2447 996 2508 Reliqua
1037 2465 1233 2509 quoque
1276 2445 1485 2491 membra
