1600 2902
233 215 315 262 DE
348 212 846 260 ARCHITECTURA
882 213 991 261 LIB.
1027 213 1151 261 VIII.
1231 228 1323 275 227

64 320 347 373 invenietur,
377 318 602 363 indicabit
627 334 736 362 eum
765 319 925 362 locum
947 316 1116 361 habere
1135 330 1326 375 aquam,

66 395 172 438 ideo
208 393 340 452 quod
381 392 532 437 omnis
569 403 705 450 tepor
741 390 799 434 ad
843 390 886 434 se
928 389 1059 434 ducit
1092 390 1323 433 humores.

62 465 178 510 Item
206 465 255 509 in
284 482 339 510 eo
369 467 473 510 loco
517 466 630 526 ignis
665 465 693 508 si
724 461 864 508 sacius
896 463 1064 520 suerit,
1094 464 1134 508 &
1166 479 1327 523 perca-

60 533 220 581 lefaffla
255 549 371 581 terra
408 538 449 582 Sc
481 537 635 581 adusta
677 553 899 596 vaporem
948 536 1232 581 nebulosum
1268 551 1327 580 ex

60 607 105 651 se
149 608 455 662 suscitaverit,
500 608 533 651 is
569 608 696 650 locus
733 606 926 651 habebit
958 616 1150 666 aquam.
1200 608 1326 663 Cum

61 679 173 724 haec
202 681 264 723 ita
297 690 435 723 erunt
470 689 757 737 pertentata‚
787 679 826 722 SC
858 694 978 738 quae
1009 680 1143 738 supra
1162 679 1328 739 scripta

62 754 171 797 sunt
201 754 323 814 figna
358 754 575 806 inventa,
616 762 721 794 tum
765 751 1102 810 deprimendus
1144 753 1329 812 estpu-

64 837 166 870 teus
198 825 246 870 in
277 843 331 870 eo
364 827 499 869 loco:
545 825 585 869 &
619 824 647 868 sl
681 834 823 883 caput
856 825 940 868 etit
976 841 1124 883 aquae
1160 825 1329 869 inven-

63 912 197 955 tum,
231 901 384 959 plures
416 899 522 941 sunt
557 897 671 941 circa
700 896 945 952 fodiendi,
986 896 1026 940 ἓξ
1056 913 1139 956 per
1167 897 1330 956 specus

66 973 115 1016 in
152 988 300 1016 unum
336 973 495 1015 locum
526 986 688 1014 omnes
718 969 1030 1014 conducendi.
1086 971 1213 1014 Haec
1245 987 1330 1015 au-

65 1057 161 1090 tem
190 1045 394 1088 maxime
423 1044 469 1087 in
500 1043 741 1087 montibus
768 1042 809 1086 &3
835 1043 1106 1105 regionibue
1125 1043 1329 1104 septem-

65 1117 343 1162 trionalibus
375 1117 482 1161 sunt
519 1115 812 1175 quaerenda,
851 1130 908 1159 eo
944 1114 1079 1173 quod
1114 1115 1161 1159 in
1191 1115 1258 1159 his
1286 1115 1328 1161 &3

66 1189 299 1244 suaviora,
332 1186 372 1232 8c
404 1187 680 1242 salubriora,
716 1186 754 1229 Sc
789 1186 1042 1246 copiosiora
1080 1186 1329 1231 inveniun-

68 1275 168 1307 tur:
199 1262 335 1306 avers]
369 1262 495 1305 enim
526 1262 633 1305 sunt
666 1260 767 1304 solis
803 1259 978 1314 cursui,
1017 1260 1057 1303 &⁵
1082 1260 1129 1303 in
1162 1260 1229 1304 his
1257 1261 1330 1304 lo-

69 1335 130 1379 cis
175 1335 381 1394 primum
422 1333 608 1378 crebrae
655 1333 762 1376 sunt
804 1331 986 1375 arbores
1025 1329 1065 1374 81:
1108 1330 1329 1387 silvosae‚

65 1407 248 1466 ipsique
282 1417 466 1450 montes
500 1405 597 1449 suas
629 1405 803 1448 habent
845 1402 1031 1447 umbras
1059 1402 1288 1446 obstantes
1312 1437 1331 1459 ‚

66 1490 120 1524 ut
147 1478 260 1523 raclii
297 1478 399 1521 solis
429 1492 527 1521 non
563 1473 720 1522 directi
749 1475 1024 1534 perveniant
1054 1474 1111 1517 ad
1143 1485 1329 1530 terram,

66 1567 154 1595 nec
189 1548 358 1610 poffint
392 1549 612 1593 humores
645 1549 875 1610 exsugere.
923 1547 1169 1590 Intervalla
1203 1563 1329 1605 quo-

69 1640 164 1684 que
190 1622 429 1668 montium
463 1623 668 1667 maxime
691 1621 924 1681 recipiunt
948 1619 1143 1675 imbres,
1168 1619 1207 1662 Sc
1227 1636 1329 1679 pro-

64 1709 168 1757 pter
200 1698 415 1743 silvarum
445 1696 740 1742 crebritatem
760 1731 772 1752 ,
805 1695 933 1739 nives
965 1693 1031 1738 ibi
1060 1695 1118 1738 ab
1148 1694 1329 1738 umbris

65 1768 286 1815 arborum
320 1771 360 1815 Sc
388 1770 628 1815 montium
657 1769 832 1813 diutius
864 1767 1217 1813 conservantur:
1252 1767 1329 1811 de-

65 1840 176 1886 inde
208 1843 413 1902 liquatae
449 1858 535 1902 per
563 1853 708 1886 terrae
744 1856 880 1885 venas
916 1840 1248 1900 percolantur,
1285 1840 1328 1883 &t

64 1914 126 1959 ita
154 1916 435 1974 perveniunt
472 1914 530 1959 ad
564 1915 741 1958 infimas
771 1913 1008 1958 montium
1041 1912 1235 1967 radices,
1267 1928 1327 1957 ex

67 1987 239 2043 quibus
280 1987 566 2047 profluentes
604 1987 809 2031 fontium
852 1997 1111 2045 erumpunt
1143 1981 1329 2032 fluctus.

69 2055 411 2117 Campestribus
429 2071 586 2103 autem
617 2058 727 2102 locis
754 2056 984 2102 contrario
1011 2071 1110 2099 non
1134 2053 1328 2114 possunt

67 2128 228 2173 haberi
255 2130 439 2190 copiae,
468 2146 587 2188 quae
615 2130 655 2173 &-
680 2131 710 2174 sl
743 2131 858 2184 snit,
891 2145 989 2173 non
1023 2125 1211 2187 polsunt
1245 2127 1327 2170 ha-

70 2201 179 2247 bere
209 2203 520 2248 salubritatem
540 2238 552 2259 ,
594 2205 727 2265 quod
760 2206 862 2250 {olis
895 2205 1144 2248 vehemens
1175 2202 1328 2259 impe-

66 2289 142 2321 tus
168 2288 360 2336 propter
384 2279 560 2323 nullam
589 2278 865 2324 obstantiam
887 2276 1027 2321 umbr
1044 2291 1160 2319 irum
1191 2273 1327 2333 eripit

71 2349 390 2393 exhauriendo
423 2349 600 2394 fervens
632 2367 688 2395 ex
715 2351 908 2411 planitie
937 2363 1211 2406 camporum
1238 2346 1329 2390 hu-

67 2438 278 2466 morem:
313 2424 353 2468 &
388 2423 416 2466 fi
451 2440 570 2481 quae
607 2425 668 2467 ibi
701 2425 805 2470 sunt
839 2441 986 2484 aquae
1021 2430 1328 2480 apparentes,

67 2509 124 2539 ex
158 2495 256 2551 his,
296 2495 430 2556 quod
465 2496 527 2540 est
563 2495 842 2542 levissimum
877 2494 1326 2551 teimilliniumque,

973 2563 1008 2606 P
1049 2574 1073 2602 2
