1600 2902
381 168 1014 213 COMPEubtuM.
1266 185 1344 229 347

67 271 218 312 nimum
245 268 391 310 terreni
416 271 615 319 humoris,
660 271 802 310 merito
833 282 913 309 non
939 268 995 308 est
1026 266 1270 322 ponderosa,
1297 270 1341 310 &

69 332 237 373 naturali
263 334 397 385 rigore
430 346 510 373 non
552 335 634 372 cito
675 332 847 372 flectitur
886 344 907 370 a
936 332 1121 385 pondere,
1189 331 1340 372 Laricis

66 406 166 434 vero
197 397 361 433 materia
394 395 433 433 in
454 397 563 434 omni
597 396 747 434 fabrica
770 394 955 433 maximas
990 393 1109 432 habet
1133 394 1338 434 utilitates,

63 454 196 495 Primo
221 458 328 508 quod
353 470 400 497 ex
421 469 468 496 ea
495 457 646 497 adfixae
669 456 829 496 tabulae
853 455 922 494 sub
947 456 1099 508 grunda
1127 455 1226 507 ignis
1247 455 1343 495 vio·

63 519 224 560 lentiam
247 520 459 572 prohibent
478 535 487 558 t
520 533 649 572 neque
673 521 776 559 enim
801 519 996 557 flammam
1022 519 1219 571 recipiunt
1236 547 1247 566 ,
1270 531 1343 558 ne-

61 591 143 632 que
170 580 382 619 carbonem
416 580 580 620 faciunt.
640 580 755 619 Larix
776 592 876 619 vero
905 591 926 618 a
952 578 1124 618 castello
1156 580 1340 621 Laricino

62 640 116 680 est
138 640 250 680 dieta.
287 641 479 693 Quercus
499 643 666 681 terrenis
683 640 929 680 satietatibus
951 640 1179 688 abundans,
1198 655 1338 694 parum

62 702 214 743 habens
229 704 422 753 humoris,
443 716 531 743 cum
551 705 590 742 in
611 704 779 743 terrenis
798 703 989 755 operibus
1005 702 1216 752 obruitur,
1243 716 1341 757 per·-

62 774 226 815 petuam
255 764 385 804 servat
422 763 646 804 utilitatem.
702 763 830 802 Cuius
862 774 954 815 apta
982 762 1175 802 aedificiis
1206 776 1340 805 mate-

60 826 164 874 ries,
193 828 234 867 &
251 828 291 867 in
316 828 481 868 humore
503 827 627 881 posita
653 837 886 880 perpetuam
913 825 1071 865 exhibet
1106 825 1334 868 utilitatem.

60 886 218 941 Fagus,
263 889 371 942 quod
408 889 613 942 aequalem
648 888 766 927 habet
806 888 1039 926 mixtionem
1072 886 1251 928 humoris
1292 890 1335 930 &

60 951 187 1004 ignis,
214 953 253 991 in
280 954 447 992 humore
476 953 558 991 cito
585 951 792 992 marcescit
809 982 822 1000 ‚
857 950 969 991 siccis
999 951 1097 990 locis
1123 952 1231 992 utilis
1262 953 1332 992 est.

60 1013 235 1067 Populus
265 1015 354 1055 alba
371 1016 412 1056 δε
438 1018 571 1070 nigra,
595 1016 685 1055 salix
703 1046 715 1063 ‚
741 1016 781 1055 &
799 1015 903 1060 tilia,
931 1015 1032 1068 ignis
1063 1015 1103 1054 δε
1136 1015 1237 1055 a'e'ris
1262 1016 1334 1056 ha·

59 1075 155 1117 bent
183 1077 428 1118 satietatem:
462 1080 501 1117 in
532 1078 683 1118 fabrica
714 1079 855 1125 utiles,
886 1078 926 1116 in
961 1076 1172 1129 sculpturis
1195 1091 1333 1131 gratae

58 1137 331 1180 inveniuntur.
362 1141 488 1179 Alnus
517 1141 586 1193 qui
619 1140 822 1193 proximus
851 1150 980 1191 aquae
1013 1138 1187 1178 nascitur
1215 1151 1332 1181 tenet·

58 1200 101 1240 &
140 1202 292 1251 mollis,
347 1204 509 1244 materia
545 1215 656 1242 extra
687 1214 828 1255 aquam
865 1201 1039 1240 fabricae
1072 1202 1220 1242 inutilis
1249 1203 1334 1245 est:

58 1261 126 1302 sed
157 1264 236 1304 hoc
265 1267 405 1305 mirum
434 1267 473 1304 in
501 1266 540 1304 se
570 1266 714 1311 habet,
751 1264 859 1317 quod
887 1264 925 1302 in
956 1264 1126 1303 humore
1159 1265 1333 1318 palatio-

59 1335 130 1363 nes
150 1324 282 1379 spissae
312 1327 466 1368 defixae
494 1326 724 1367 structuram
755 1326 870 1379 supra
897 1323 936 1365 se
956 1324 1095 1363 fastam
1124 1325 1206 1365 fine
1228 1328 1333 1367 vitio

56 1383 230 1426 servant.
257 1388 452 1429 Ulmus&
470 1390 646 1428 fraxinus
661 1390 699 1427 in
717 1389 825 1427 omni
843 1399 967 1439 opere
982 1388 1084 1427 vitio
1106 1387 1333 1430 fleetuntur:

56 1445 124 1487 sed
151 1462 241 1490 cum
273 1453 472 1500 aruerint,
507 1451 655 1504 rigidae
682 1449 786 1491 sunt..
830 1449 1016 1489 Lentoris
1044 1450 1157 1489 causa
1183 1453 1335 1492 catenis

56 1511 190 1550 utiles.
233 1512 431 1567 Carpinus
456 1514 497 1552 in
529 1514 638 1551 omni
667 1524 792 1566 opere
820 1510 1032 1551 tra&abilis
1061 1512 1100 1551 δε
1129 1513 1237 1552 utilis
1266 1514 1334 1552 in*

55 1574 231 1614 venitur.
272 1573 487 1628 Cupressus
518 1575 559 1614 &
594 1575 710 1627 pinus
736 1574 985 1613 admirandas
1016 1574 1163 1614 habent
1200 1575 1333 1614 virtu-

55 1646 146 1685 tes,
179 1638 287 1690 quod
316 1651 396 1678 non
431 1640 514 1678 cito
550 1637 727 1690 pondere
758 1648 1006 1676 curvantur:
1044 1637 1189 1676 durant
1224 1638 1331 1676 enim

56 1696 234 1751 integrae
260 1699 425 1750 semper.
447 1699 629 1746 Cedrus,
659 1697 684 1735 s1
711 1699 881 1737 humore
910 1710 991 1736 non
1021 1709 1332 1751 corrumpatur,

55 1760 222 1798 eandem
258 1760 377 1799 habet
413 1761 619 1799 virtutem.
662 1759 736 1798 Sed
759 1759 967 1812 quomodo
994 1759 1041 1797 de
1074 1759 1169 1810 pino
1201 1760 1330 1799 reslna

57 1824 259 1872 decurrit,
299 1824 349 1864 fic
373 1823 413 1863 δι
444 1836 493 1863 ex
520 1835 567 1861 ea
591 1823 751 1871 oleum,
784 1823 892 1875 quod
925 1823 1061 1863 cedria
1091 1823 1261 1863 dicitur:
1298 1824 1330 1863 fi

54 1886 164 1934 libri,
205 1897 274 1926 aut
309 1887 409 1926 aliae
447 1898 536 1932 τες,
576 1898 627 1924 eo
660 1887 930 1938 inungantur,
976 1897 1178 1936 nunquam
1209 1886 1328 1924 tineis

54 1959 125 1989 aut
152 1951 258 1988 carie
278 1947 497 1988 solventur.
529 1948 668 1987 Multis
694 1949 829 2000 itaque
859 1947 1043 1999 templis,
1074 1959 1239 1999 propter
1257 1959 1327 1986 ae-

54 2013 304 2059 ternitatem,
340 2026 387 2051 ex
417 2024 462 2051 ea
497 2011 700 2050 lacunaria
735 2009 823 2049 sunt
856 2008 968 2048 faeta.
1009 2010 1110 2048 Nam
1141 2008 1238 2048 folia
1264 2021 1327 2049 et-

55 2075 132 2113 iam
167 2074 347 2128 cupresso
386 2074 523 2114 similia
562 2072 660 2112 sunt.
703 2073 889 2113 Nascitur
915 2075 1084 2112 maxime
1111 2074 1148 2112 in
1175 2073 1326 2119 Creta...

55 2138 97 2177 &
118 2138 155 2176 in
179 2137 312 2176 Africa
330 2168 342 2186 ‚
369 2137 409 2177 &
434 2138 472 2176 in
496 2137 634 2189 Syriae
662 2137 903 2190 regionibus.
944 2135 1231 2189 Quaecunque
1258 2149 1328 2176 er-

56 2211 109 2251 go
137 2210 183 2237 ex
218 2211 328 2251 parte
363 2198 577 2238 meridiana
609 2199 855 2243 caeduntur,
892 2197 1073 2235 utiliores
1097 2207 1239 2235 erunt:
1275 2207 1326 2234 ex

52 2271 165 2313 parte
202 2272 333 2299 autem
373 2259 685 2312 septemtrionali
720 2259 967 2312 proceriores
1003 2257 1090 2297 sunt
1128 2257 1320 2299 arbores»

53 2321 120 2361 sed
153 2323 234 2361 cito
262 2322 467 2361 vitiantur.
