1600 2902
286 178 370 224 DE
403 177 896 225 ARCHITECTURA
936 180 1045 227 LIB.
1083 182 1143 227 X.
1255 199 1344 246 321

87 287 172 334 effe
195 285 377 347 possint.
413 285 627 331 Primum
655 287 716 331 ad
749 288 1124 350 oppugnationes
1149 290 1259 334 aries
1289 291 1350 336 fic

85 361 303 406 inventus
322 371 614 404 memoratur
638 357 735 403 effe.
772 360 1163 422 Carthaginienses
1183 362 1240 406 ad
1262 363 1350 407 Ga·

86 433 164 478 des
197 432 537 495 oppugnandas
564 432 699 476 castra
727 432 1013 491 posuerunt:
1047 450 1157 479 cnm
1189 448 1350 480 autem

85 505 323 551 castellum
345 516 452 550 ante
481 503 728 564 cepissent,
755 504 803 548 id
833 504 1050 549 demoliri
1080 506 1186 553 sunt
1210 523 1353 553 cona-

85 580 120 624 ti
143 599 151 623 :
180 580 484 640 posteaquam
504 594 601 622 non
620 577 888 622 habuerunt
909 578 966 622 ad
989 580 1353 627 demolitionem

85 651 391 708 ferramenta,
413 650 707 710 sumpserunt
728 650 913 712 tignum
929 687 940 707 ‚
962 652 1107 711 idque
1134 654 1354 698 manibus

87 724 360 770 sustinentes
383 758 396 778 ‚
446 724 694 782 capiteque
738 722 834 766 eius
876 725 1116 773 summum
1157 743 1355 771 murum.

87 798 387 842 continenter
426 795 688 856 pulsantes,
729 795 935 840 summos
978 798 1192 856 lapidum
1228 798 1355 843 ordi-

89 886 171 916 nes
199 870 477 914 deiiciebant
496 902 508 923 ,
529 867 569 912 Sc
587 869 648 911 ita
672 868 898 931 gradatim
924 884 982 913 ex
1002 870 1177 919 ordine
1202 882 1354 916 totam

89 943 519 989 communitionem
562 940 907 1001 dissipaverunt.
962 943 1123 989 Postea
1158 944 1355 1004 quidam

87 1015 219 1061 faber
238 1016 408 1077 Tyrius
426 1049 438 1071 ,
475 1017 670 1060 nomine
700 1015 1066 1074 Pephasmenos,
1104 1016 1188 1060 hac
1215 1016 1356 1061 ratio-

87 1104 149 1134 ne
173 1087 507 1144 &inventione
541 1083 786 1143 insiticium,
822 1088 948 1131 malo
990 1088 1186 1143 statuto,
1213 1106 1273 1133 ex
1299 1106 1357 1134 eo

88 1159 287 1203 alterum
316 1155 625 1202 transversum
654 1158 722 1201 uti
757 1156 981 1201 trutinam
1011 1157 1281 1217 suspendit:
1315 1159 1356 1209 Sc

89 1229 365 1292 reducendo
402 1229 443 1274 Sc
479 1228 774 1288 impellendo
820 1229 1181 1280 vehementibus
1213 1232 1359 1294 plagis

91 1301 262 1346 deiecit
281 1301 626 1345 Gaditanorum
643 1316 850 1346 murum.
878 1301 1032 1347 Cetras
1053 1318 1211 1348 antem
1230 1304 1362 1349 Chal-

91 1372 316 1418 cedonius
341 1373 399 1433 de
423 1373 611 1418 materia
640 1373 853 1432 primum
880 1373 1022 1419 basim
1048 1374 1259 1423 subietfiis
1282 1396 1360 1424 ro-

88 1445 146 1489 tis
179 1444 317 1500 fecit,
354 1445 584 1504 supraque
623 1446 863 1507 compegit
892 1444 1136 1492 arrestariis
1169 1449 1210 1493 &3
1242 1452 1361 1514 iugis

89 1533 240 1562 varas:
265 1517 306 1561 Sc
331 1517 380 1560 in
399 1517 465 1579 his
487 1516 729 1576 suspendit
759 1517 974 1573 arietem,
1006 1520 1239 1579 coriisque
1269 1522 1361 1568 bu·-

91 1589 213 1635 bulis
246 1589 390 1645 texit,
420 1589 490 1633 nti
524 1589 714 1633 tutiores
747 1587 887 1634 essent
917 1591 996 1649 qui
1030 1591 1077 1635 in
1105 1608 1155 1637 ea
1182 1596 1362 1639 machi-

90 1662 283 1707 natione
317 1661 375 1706 ad
412 1660 697 1720 pulsandum
728 1677 921 1707 murum
955 1662 1096 1707 essent
1127 1667 1360 1712 collocati.

90 1735 146 1780 Id
168 1745 323 1779 autem
341 1768 353 1789 ‚
385 1733 518 1792 quod
540 1733 692 1777 tardos
717 1745 909 1779 conatus
947 1734 1195 1793 babuerat,
1221 1740 1362 1785 testu-

94 1808 255 1853 dinem
271 1805 520 1851 arietariam
551 1808 782 1866 appellare
809 1808 979 1867 coepit.
1018 1809 1098 1852 His
1129 1823 1246 1864 tnnc
1266 1813 1362 1872 pri-

94 1881 182 1926 mis
202 1880 419 1943 gradibus
446 1879 599 1939 positis
630 1880 688 1923 ad
725 1879 773 1923 id
803 1897 948 1943 genus
976 1883 1363 1943 machinationis,

96 1956 252 2016 postea
274 1971 382 1999 cum
413 1955 656 2014 Philippus
680 1954 915 2015 Amyntae
939 1954 1059 1999 filius
1081 1956 1362 2017 Byzantium

96 2038 420 2089 oppugnaret,
464 2026 673 2087 Polydns
706 2026 941 2071 Thessalus
978 2029 1193 2088 pluribus
1224 2047 1363 2094 gene-

96 2099 224 2144 ribus
243 2099 283 2142 8(
310 2098 592 2142 facilioribus
612 2098 888 2157 explicavit,
908 2116 932 2142 a
966 2116 1064 2157 quo
1083 2117 1364 2161 receperunt

97 2167 359 2215 (locstrinam
389 2170 559 2215 Diades
594 2170 896 2227 &Chaereas‚
921 2173 1004 2231 qui
1032 2189 1140 2218 cum
1158 2175 1365 2222 Alexan-

95 2244 186 2288 dro
233 2244 565 2288 militaverunt.
630 2243 795 2302 Itaque
840 2244 1008 2289 Diades
1055 2245 1229 2307 scriptis
1275 2249 1366 2295 suis

97 2315 301 2360 ostendit
339 2315 380 2359 se
419 2315 638 2360 invenisse
683 2327 826 2360 turres
857 2317 1211 2373 ambulatorius,
1252 2336 1366 2379 quas

101 2389 239 2434 etiam
267 2388 500 2433 dissolutas
524 2389 570 2433 in
603 2391 807 2434 exercitu
843 2390 1138 2435 circumferre
1162 2391 1362 2441 solebat:

94 2472 329 2522 praeterea
360 2462 587 2506 terebram
605 2497 617 2518 ‚
641 2463 682 2507 8(
708 2462 1042 2507 ascendentem
1070 2465 1363 2526 machinam,

174 2545 177 2550 ’
228 2526 455 2573 Vitruvius.
1056 2528 1102 2572 X
