1600 2902
251 164 344 229 256
494 162 564 208 M.
599 160 890 209 VITRUVII
927 161 1268 212 POLLIONIS

603 302 1160 366 (CAPUTIL)

328 410 450 455 Item
481 409 761 472 Pythagoras
792 425 1010 453 normam
1045 407 1137 453 fine
1165 408 1346 456 artificis
1376 409 1515 456 fabri-

250 482 514 529 cationibus
549 483 787 526 inventam
823 480 1056 535 ostendit,
1087 480 1128 526 86
1161 497 1304 540 quam
1341 499 1513 546 magno

250 555 410 601 labore
454 553 570 598 fabri
613 570 828 598 normam
875 552 1091 598 facientes
1142 553 1219 597 vix
1254 555 1313 600 ad
1350 570 1516 599 verum

249 629 505 690 perducere
547 627 765 689 possunt,
824 628 873 672 id
910 627 1168 672 rationibus
1206 627 1246 673 86
1282 630 1518 674 methodis

252 702 556 747 emendatum
590 718 647 746 ex
680 701 773 745 eius
797 700 1052 760 praeceptis
1083 700 1353 761 explicatur.
1382 701 1516 746 Narn-

249 791 344 835 que
375 774 406 818 fi
435 774 676 818 sumantur
707 775 888 836 regulae
926 784 1042 828 τῖες,
1083 790 1107 817 e
1139 773 1311 833 quibus
1343 789 1435 817 una
1464 774 1527 818 sit>

249 847 392 909 pedes
420 859 538 903 tres,
588 848 727 891 altera
754 847 895 907 pedes
931 856 1136 906 quatuor
1156 880 1168 901 ‚
1203 847 1343 890 tertia
1374 844 1518 905 pedes

248 922 497 982 quinque,
545 921 725 980 haeque
771 921 955 982 regulae
995 919 1115 963 inter
1155 918 1198 964 se
1232 917 1518 979 compositae

252 1004 446 1056 tangant
479 993 563 1037 alia
603 993 738 1036 aliam
776 991 862 1036 suis
900 989 1220 1036 cacuminibus
1262 990 1516 1045 extremis,

253 1068 436 1112 schema
462 1066 684 1110 habentes
708 1064 907 1128 trigoni,
931 1063 1270 1109 deformabunt
1298 1079 1518 1108 normam

253 1137 566 1185 emendatam.
609 1136 686 1181 Ad
716 1154 786 1182 eas
820 1148 979 1180 autem
1019 1137 1283 1198 regularum
1322 1135 1519 1197 singula-

252 1230 358 1259 rum
390 1211 742 1274 longitudines,
784 1210 815 1254 si
855 1209 1029 1272 singula
1069 1208 1291 1268 quadrata
1331 1208 1518 1268 paribus

252 1285 474 1331 lateribus
507 1283 852 1338 describantur,
882 1281 1017 1342 quod
1051 1282 1136 1326 erit
1168 1280 1347 1341 pedum
1375 1281 1519 1324 trium

253 1361 370 1404 latus
403 1373 562 1412 areae,
599 1355 792 1401 habebit
826 1355 972 1415 pedes
1006 1370 1212 1399 novem:
1267 1351 1399 1411 quod
1434 1352 1519 1396 erit

255 1444 488 1493 quatuor,
519 1430 776 1476 sexdecim:
811 1428 945 1488 quod
975 1428 1189 1488 quinque
1217 1426 1321 1481 erit,
1353 1423 1520 1486 viginti

255 1507 485 1565 quinque.
536 1506 603 1548 Ita
633 1513 866 1562 quantum
898 1518 1025 1546 areae
1058 1501 1235 1560 pedum
1264 1515 1520 1544 numerum

255 1577 352 1622 duo
400 1577 625 1636 quadrata
667 1591 726 1619 ex
770 1574 919 1619 tribus
969 1573 1170 1633 pedibus
1210 1571 1517 1634 longitudinis

255 1652 453 1694 laterum
476 1682 489 1704 ,
535 1647 575 1694 86
609 1658 812 1705 quatuor
848 1645 1053 1691 efficiunt
1077 1679 1091 1702 ‚
1135 1660 1286 1704 aeque
1328 1655 1518 1688 tantum

256 1736 513 1766 numerum
538 1718 695 1764 reddit
725 1734 878 1763 unum
905 1734 962 1762 ex
983 1718 1198 1777 quinque
1219 1716 1518 1776 descriptum.

256 1794 308 1838 Id
339 1794 620 1855 Pythagoras
661 1808 772 1836 cum
806 1790 1077 1846 invenisset,
1118 1805 1217 1834 non
1249 1788 1469 1833 dubitans
1493 1805 1519 1832 a

258 1868 396 1914 Musis
432 1868 476 1913 se
509 1868 557 1912 in
593 1884 642 1911 ea
679 1866 953 1911 inventione
985 1865 1223 1910 monitum
1249 1897 1261 1918 ,
1294 1862 1520 1906 maximas

257 1943 417 2007 gratias
443 1958 606 2006 agens,
634 1942 796 1986 hostias
827 1939 999 1985 dicitur
1029 1939 1080 1982 iis
1109 1935 1420 1982 immolavisse.
1455 1935 1520 1980 Ea

256 2028 413 2061 autern
454 2015 601 2070 ratio,
658 2013 1071 2074 quemadmodum
1107 2013 1155 2056 in
1190 2010 1348 2055 multis
1379 2009 1521 2054 rebus

259 2089 299 2134 ἃ·
333 2086 557 2133 mensuris
597 2088 660 2132 est
693 2086 843 2142 utilis,
887 2087 1025 2131 etiam
1057 2086 1105 2130 in
1138 2083 1354 2129 aedificiis
1385 2082 1520 2126 scala-

258 2177 365 2206 rum
407 2159 842 2215 aedificationibus,
893 2159 962 2204 uti
1000 2170 1274 2218 temperatas
1318 2155 1519 2199 habeant

261 2233 491 2296 graduum
522 2233 816 2287 lib1·ationeS‚
856 2232 918 2276 est
949 2231 1178 2291 expedita.
1221 2229 1267 2274 Si
1301 2229 1425 2272 enim
1455 2227 1520 2269 al·-

260 2307 417 2352 titudo
459 2305 818 2368 contignationis
852 2305 910 2349 ab
940 2306 1119 2349 summa
1151 2301 1423 2348 coaxatione
1456 2297 1517 2341 ad

260 2382 411 2425 imum
438 2379 775 2424 libramentum
808 2376 944 2421 divisa
981 2377 1119 2421 fuerit
1147 2377 1195 2421 in
1231 2386 1374 2435 partes
1407 2384 1518 2426 σεε,

265 2452 351 2496 erit
399 2468 558 2498 earum
609 2452 825 2512 quinque
869 2451 919 2495 in
964 2450 1088 2497 scalis
1127 2450 1367 2509 scaporum
1408 2445 1520 2489 iusta
