1600 2902
600 185 963 233 VITA.
1353 198 1432 232 vn

155 305 391 334 tormentorum
416 293 621 345 rejefh'onem
645 293 704 342 fici
725 295 855 347 praesto
871 324 883 341 ,
918 293 953 332 ὃ·
978 309 1052 333 cum
1084 294 1132 332 eis
1161 296 1340 334 commoda
1366 306 1435 332 ικ-

152 358 249 409 cepi,
274 372 359 409 quae
389 372 463 395 cum
483 356 595 408 primo
620 356 706 394 mihi
736 356 904 408 tribuisti,
943 356 1196 410 recognitionem
1220 370 1283 408 per
1305 355 1435 404 sororis

154 417 477 458 commendationem
496 418 641 470 servasii
662 418 739 457 διε.
778 417 963 457 Marcum
995 431 1120 471 porro
1156 418 1263 458 illum
1296 419 1433 457 Aure·-

155 481 275 529 lium,
312 480 350 518 ni
379 479 608 519 coniectura
635 478 874 532 decipimur,
900 478 959 517 Μ.
988 478 1093 518 il-lius
1111 478 1262 518 Aurelii
1283 478 1435 520 Cottae

158 555 311 597 patrem
348 541 458 583 fuiffe
475 574 487 589 ,
518 542 717 582 credimus
735 571 746 589 ,
776 541 845 593 qui
875 540 944 580 sub
966 541 1131 581 Tiberio
1155 555 1234 581 una
1260 555 1352 581 cum
1378 542 1436 583 M.

157 605 323 645 Valerio
358 604 534 644 Messalla
568 602 813 643 consulatum
842 601 969 654 geffit,
1015 603 1062 642 In
1102 603 1206 643 fastis
1239 603 1434 656 siquidem

159 666 434 706 consularibus
462 666 523 705 M.
546 664 599 704 fil.
632 664 801 710 dicitur,
830 663 871 702 δι
893 664 951 703 Μ.
981 676 1119 717 nepos.
1157 665 1314 705 Cneum
1332 678 1434 706 vero

160 728 395 769 Cornelium
425 740 517 767 eum
550 724 648 773 effe,
673 725 746 777 qui-
772 724 958 777 Augusto
993 727 1213 780 imperante
1244 728 1319 767 fuit
1346 730 1435 769 Au·-

160 805 259 844 gur,
283 790 348 831 vel
367 788 597 829 Cornelium
622 786 729 826 illum
756 785 949 835 cinnami,
976 788 1047 840 qui
1070 787 1138 828 sub
1163 790 1309 829 eodem.
1332 790 1433 844 Imp.

160 853 309 893 Consul
333 852 408 892 fuit
430 863 521 890 cum
539 848 701 888 Valerio
726 847 902 888 Meffalla
918 847 1085 888 Voluso.
1122 849 1334 904 Quidquid
1360 864 1437 891 au-

161 927 241 956 tem
271 915 317 955 fit
346 915 395 954 de
423 913 525 961 istis,
547 911 643 952 illud
673 910 1018 965 exploratiffim-um
1052 912 1134 962 est,
1162 915 1434 955 machinarum

161 979 392 1022 bellicarum
415 974 634 1030 praefectos
659 987 710 1015 eo
743 974 895 1024 seculo,
920 977 980 1016 uti
1010 978 1130 1017 etiam
1162 978 1322 1028 nostro,
1348 992 1437 1018 ma—

160 1052 261 1093 gnae
296 1039 471 1092 semper,
512 1037 576 1077 sed
607 1037 648 1077 in
683 1036 817 1076 castris
850 1039 1090 1092 praecipue,
1132 1040 1435 1081 existimationis

162 1101 288 1142 fuiffe.
329 1100 454 1143 Porto
483 1099 731 1140 eiuscemodi
767 1100 1040 1141 machinarum
1082 1103 1122 1141 in
1157 1103 1261 1143 beHo
1296 1116 1449 1143 curam·

161 1162 334 1217 geffiffe,
355 1164 518 1203 videtur
542 1175 623 1202 non
647 1160 815 1201 obscure
839 1161 1001 1215 decerpi
1027 1176 1075 1203 ex
1101 1165 1146 1203 iis
1162 1195 1173 1212 ,
1193 1177 1297 1217 quae
1315 1165 1437 1205 refert

162 1227 227 1266 hb.
259 1226 307 1265 X.
338 1239 373 1266 c.
413 1227 472 1264 16.
498 1225 567 1265 ubi
597 1224 645 1263 de
674 1224 911 1265 ballistarum
940 1227 1162 1266 rationibus
1195 1229 1249 1267 ita
1278 1228 1437 1269 scribit-.-

162 1291 307 1342 Itaque,
342 1302 381 1328 ut
402 1289 502 1327 etiam
519 1289 580 1340 qui
604 1287 835 1334 Geometriae,
864 1289 1172 1342 Arithmcticaeque
1196 1292 1342 1331 rationes
1365 1308 1434 1332 non

163 1352 344 1397 noverint,
371 1353 518 1390 habeant
551 1351 746 1402 expeditum
760 1380 777 1396 „
799 1364 838 1388 ne
868 1350 903 1389 in
926 1351 1076 1404 periculo
1100 1353 1218 1392 bellico
1249 1355 1438 1406 cogitatio-

164 1414 265 1453 nibus
291 1415 528 1459 detineantur,
565 1428 653 1464 quae
682 1413 752 1465 ipse
774 1412 937 1465 fizcz‘endo
972 1427 1059 1454 certa
1092 1417 1260 1469 cognovi,
1288 1433 1438 1472 quaeque

165 1478 202 1515 in
224 1489 321 1529 parte
355 1476 470 1528 accepi
488 1491 516 1513 a
535 1477 828 1528 praeceptoribus,
850 1477 961 1528 finita
988 1492 1169 1531 exponam.
1210 1480 1361 1521 Verum
1391 1494 1437 1523 ut

165 1540 206 1579 in
237 1538 341 1578 bello
369 1538 584 1586 machinis,
616 1539 672 1578 ita
701 1540 806 1592 pacis
834 1550 1018 1594 tempore
1046 1542 1213 1595 publicis
1247 1545 1437 1594 aedificiis

163 1601 435 1642 construendis
457 1600 708 1654 praepositus
733 1600 828 1641 fuit:
852 1604 957 1643 inter
980 1617 1084 1656 quae
1109 1606 1252 1645 nobilis
1274 1607 1337 1646 illa
1362 1609 1436 1648 ad-

164 1676 396 1705 numeratur
419 1663 580 1703 Bafilica
596 1695 613 1712 ,
638 1677 757 1717 quam
784 1665 824 1704 in
848 1665 938 1705 Col.
962 1666 1067 1709 Iulia,
1084 1667 1276 1717 Fanestri,
1294 1682 1338 1710 ut
1358 1670 1439 1725 ipse

164 1726 285 1768 refert
311 1727 378 1766 lib.
408 1726 461 1764 V.
489 1738 576 1779 cap.
608 1740 640 1766 1.
664 1728 907 1777 collocavit,
940 1732 1179 1784 curavitque
1201 1732 1436 1775 faciendam.

166 1788 291 1839 Quos
307 1797 591 1840 praeceptores
604 1787 810 1837 habuerit,
829 1801 902 1828 nec
925 1789 1005 1843 ipse
1023 1791 1168 1840 docet,
1188 1807 1261 1833 nec
1283 1796 1332 1833 ab
1352 1796 1438 1836 aliis

164 1851 392 1904 accepimus
414 1865 423 1888 ε
451 1850 542 1889 illud
567 1862 720 1890 certum
743 1851 824 1899 est,
850 1852 965 1892 iilum
993 1867 1077 1893 non
1103 1856 1151 1894 ab
1175 1856 1324 1897 Latinis
1348 1872 1438 1898 mo—

167 1912 245 1960 do,
271 1911 335 1952 sed
357 1912 407 1951 ab
434 1911 586 1952 eximiis
612 1913 737 1953 totius
759 1913 955 1954 Graeciae
986 1915 1242 1964 auctoribus,
1268 1932 1436 1968 eorum,

167 1985 270 2026 quae
295 1974 342 2012 ad
368 1973 677 2013 architecturam
705 1976 926 2027 pertinent,
952 1976 1285 2020 confertissimum
1309 1981 1374 2020 fibi
1395 1984 1436 2023 δι

167 2033 468 2085 copiosiffimum
496 2046 601 2086 penu
630 2034 886 2086 comparasse.
919 2038 1124 2080 Habemus
1152 2042 1285 2087 enim,
1310 2041 1435 2095 ipsum

168 2105 250 2131 non
276 2093 397 2134 solum
422 2096 694 2144 Archimedis,
723 2097 952 2148 Archytae,
976 2100 1017 2139 &
1036 2101 1266 2141 Aristoxeni
1292 2102 1437 2157 scripta

168 2154 320 2207 legisse,
350 2156 413 2196 sed
442 2159 687 2207 Aristarchi,
719 2159 1016 2210 Eratosthenis,
1056 2164 1190 2204 Beros,
1209 2197 1219 2213 ‚
1248 2165 1438 2215 Ctesibii,

170 2217 390 2265 Athenae-i,
417 2220 585 2268 Diadis,
610 2221 791 2269 Eudoxi,
820 2223 1049 2275 Apollonii,
1076 2227 1117 2265 &
1143 2228 1311 2268 aliorum
1349 2242 1438 2269 meu

170 2278 428 2319 chanicorum
444 2282 839 2336 Geometrarumque
866 2290 1154 2328 commentaria
1187 2291 1225 2328 in
1260 2293 1439 2332 manibus

168 2338 352 2378 habuisse.
400 2341 496 2380 Illud
521 2344 638 2382 etiam
672 2345 760 2384 luce
794 2345 875 2398 ipsa
903 2348 1046 2387 clarius
1078 2349 1156 2397 est,
1188 2350 1310 2405 ipsum
1340 2366 1362 2392 e
1393 2354 1442 2393 li·-

168 2400 300 2447 bello,
334 2414 449 2453 quem
480 2403 715 2445 Aristoteles
740 2406 788 2445 de
819 2408 1061 2448 mechanicis
1091 2409 1264 2463 scripsit,
1299 2427 1345 2455 ea
1373 2416 1446 2455 de-

167 2461 373 2516 cerpfiss'e‚
408 2477 510 2519 quae
537 2466 576 2505 in
602 2467 689 2507 c.8.
718 2468 806 2510 libri
832 2469 881 2510 Χ.
909 2469 1096 2519 inseruit,
1124 2474 1170 2511 de
1191 2476 1377 2527 porrecto
1402 2480 1448 2519 ἃς

1125 2549 1202 2586 ³³4
