1600 2902
261 218 345 265 DE
380 218 872 267 ARCHITECTURA
906 218 1012 265 LlB.
1049 222 1104 266 Π.
1257 234 1315 285 57

54 326 337 374 eiuscemodi
369 327 476 372 sunt
513 328 728 372 locorum
757 329 1070 388 proprietates.
1124 327 1171 373 Si
1203 345 1313 392 ergo

54 404 102 448 in
125 403 188 447 his
220 402 330 447 locis
349 418 578 462 aquarum
609 403 837 447 ferventes
871 403 1176 448 inveniuntur
1208 401 1316 447 fon-

52 488 145 532 ἵετε,
199 476 240 523 Sc
287 477 334 520 in
366 477 610 521 montibus
650 476 879 522 excavatis
913 476 1051 520 calidi
1091 490 1314 536 vapores,

50 551 242 612 ipsaque
273 551 373 595 loca
392 551 450 595 ab
479 550 681 609 antiquis
709 560 1034 594 memorantur
1061 564 1313 612 pervagan-

49 636 116 670 tes
158 624 205 667 in
242 625 353 686 agris
388 623 593 668 habuiffe
628 622 836 678 ardores,
881 621 1068 666 videtur
1104 619 1189 666 effe
1213 637 1311 666 cer-

47 707 180 751 tum,
227 696 284 739 ab
324 695 438 757 ignis
465 693 758 739 vehementia
791 709 850 738 ex
882 693 1032 753 topho
1064 705 1309 754 terraque,

50 768 464 829 quemadmodum
495 768 542 812 in
562 766 824 811 fornacibus
853 766 894 812 8c
924 783 947 811 a
979 769 1128 823 calce,
1162 768 1223 812 ita
1249 782 1309 812 ex

46 844 113 888 his
134 855 348 903 ereptum
375 841 458 886 effe
482 842 726 901 liquorem.
773 842 919 904 Igitur
951 841 1240 888 diffimilibus
1266 841 1308 887 8<

47 917 301 976 disparibus
341 915 478 960 rebus
518 916 738 975 correptis
766 915 806 961 82
839 915 887 959 in
926 931 1071 960 unam
1107 915 1308 975 potesta-

47 1002 142 1035 tem
177 988 379 1044 collatis,
425 987 573 1033 calida
609 989 817 1033 humoris
842 988 1052 1033 ieiunitas
1085 1005 1206 1047 aqua
1235 1003 1310 1032 re-

44 1072 188 1120 pente
225 1058 403 1115 satiata,
447 1059 783 1104 communibus
824 1059 1100 1120 corporibus
1143 1056 1305 1103 latenti

46 1133 196 1176 calore
213 1131 541 1186 confervescit,
577 1130 617 1176 Sc
637 1132 939 1176 vehementer
968 1130 1105 1176 efficit
1136 1146 1186 1174 ea
1206 1129 1305 1174 coi-

44 1220 119 1259 re,
158 1203 461 1261 celeriterque
490 1219 582 1248 una
619 1203 858 1249 soliditatis
887 1205 1126 1264 percipere
1154 1203 1306 1249 virtu-

44 1288 156 1320 tem.
196 1273 504 1333 Relinquetur
526 1274 825 1332 desideratio,
861 1277 1086 1335 quoniam
1115 1277 1179 1320 ita
1200 1274 1308 1320 sunt

47 1350 91 1392 in
121 1348 335 1392 Hetruria
365 1364 424 1391 ex
462 1364 583 1407 aqua
610 1348 755 1393 calida
788 1347 935 1393 crebri
972 1347 1123 1392 fontes
1142 1381 1155 1403 ,
1185 1346 1305 1406 quid

44 1420 105 1464 ita
138 1436 235 1464 non
263 1420 402 1464 etiam
437 1420 500 1464 ibi
531 1420 727 1464 nascitur
748 1420 899 1480 pulvis
918 1454 930 1475 ,
963 1437 987 1464 e
1014 1436 1111 1479 quo
1138 1418 1303 1463 eadem

42 1494 220 1538 ratione
241 1492 325 1536 sub
344 1508 465 1550 aqua
497 1489 720 1536 structura
740 1491 1008 1538 solidescat?
1036 1493 1205 1551 Itaque
1235 1492 1304 1537 vi-

42 1567 142 1612 sum
174 1566 235 1611 est
256 1600 268 1621 ,
303 1575 558 1623 antequam
584 1564 913 1609 defideraretur
931 1599 943 1621 ,
971 1565 1031 1609 de
1057 1566 1124 1609 his
1143 1565 1301 1621 rebus,

43 1637 453 1699 quemadmodum
487 1636 571 1682 effe
598 1638 872 1694 videantur,
895 1654 1147 1698 exponere.
1179 1638 1305 1682 Om-

41 1712 180 1756 nibus
207 1711 317 1755 locis
341 1709 381 1754 Sc
400 1710 667 1773 regionibus
700 1726 799 1755 non
824 1710 988 1755 eadem
1013 1727 1180 1773 genera
1212 1721 1304 1754 ter·-

41 1799 142 1838 rae,
180 1798 265 1827 nec
303 1783 478 1842 lapides
510 1783 789 1839 nascuntur,
822 1783 898 1828 sed
929 1785 1161 1828 nonnulla
1196 1783 1303 1828 sunt

41 1856 239 1912 terrosa,
285 1857 368 1901 alia
400 1856 635 1912 sabulosa,
688 1857 901 1916 itemque
938 1857 1162 1919 glareofix,
1207 1858 1302 1901 aliis

39 1930 151 1973 locis
174 1929 380 1983 arenosa,
412 1945 498 1974 nec
530 1929 684 1973 minus
716 1929 810 1973 aliis
834 1930 1010 1974 diversa
1041 1930 1081 1975 Sc
1101 1928 1300 1974 omnino

43 2001 237 2047 diffirnili
266 2004 533 2063 disparique
566 2019 761 2066 genere,
793 2015 846 2048 ut
872 2004 917 2047 in
948 2004 1196 2065 regionum
1220 2019 1300 2048 va-

41 2074 275 2119 rietatibus
303 2076 546 2135 qualitates
568 2077 725 2121 insunt
747 2077 795 2120 in
825 2091 953 2121 term.
986 2075 1192 2122 Maxime
1217 2092 1298 2120 au-

43 2156 139 2188 rern
163 2145 212 2189 id
240 2147 345 2192 licet
373 2149 656 2194 considerare
673 2185 685 2205 ,
712 2150 843 2208 quod
863 2167 953 2209 qua
986 2166 1121 2193 mons
1143 2150 1299 2208 Apen-

42 2216 181 2260 ninus
211 2217 417 2278 regioncs
454 2219 606 2265 Italiae
647 2221 990 2280 Hetruriaeque
1022 2220 1297 2265 circumcin-

40 2289 105 2350 git
123 2323 135 2345 ‚
170 2305 320 2349 prope
349 2293 566 2338 omnibus
586 2297 695 2341 locis
716 2312 813 2340 non
835 2296 1001 2341 delinit
1028 2295 1187 2338 {offitia
1211 2310 1297 2338 are-

39 2364 191 2406 naria:
239 2375 358 2408 trans
399 2364 705 2425 Apenninum
745 2387 879 2423 vero,
934 2386 1054 2428 quae
1099 2384 1197 2428 pars
1234 2367 1293 2412 est

40 2435 98 2481 ad
135 2433 428 2482 Adriaticum
463 2455 613 2494 mare,
651 2444 778 2486 nulla
809 2442 1141 2487 inveniuntur:
1180 2442 1293 2487 item

40 2508 240 2569 Achaia,
268 2508 396 2568 Asia,
430 2511 470 2570 ἃς
498 2514 695 2561 omnino
726 2527 848 2561 trans
880 2532 1031 2574 nmre,
1062 2531 1119 2561 nc
1144 2517 1298 2561 nomi-
