1600 2902
274 217 362 267 DE
397 218 465 264 M.
503 217 822 265 VITRUVIO
856 216 1189 264 POLLIONE.
1249 232 1396 267 xxm‘

276 321 403 362 iefius
435 321 488 363 est
515 323 670 376 Vetusius
688 322 815 361 author
824 352 838 369 ‚
867 320 1054 372 ἀνώνυμος
1082 334 1223 370 tamen,
1247 326 1287 363 de
1308 325 1388 363 Ar-

276 376 460 415 chiteffura
488 376 795 431 compendiosiffime
824 380 994 424 melam,
1033 393 1115 430 quae
1143 378 1326 417 Vitruvius
1352 379 1386 416 δ’

278 431 399 469 caeteri
417 431 621 484 locupletius
647 432 779 483 quidem
803 446 847 469 ac
871 429 1024 483 diffizfius
1042 432 1230 470 tradidere.-
1259 433 1293 470 isz
1322 447 1387 483 quo

274 484 312 522 ἑ·
337 497 522 524 matemala
541 498 716 529 exerceas,
748 485 782 521 ἃ
804 485 849 523 rei
871 486 1135 524 architeffoniccs
1153 486 1248 536 usum
1274 500 1385 538 parvo

278 539 438 591 temporis
457 541 633 593 dispendio
656 538 785 589 discas.
809 538 968 589 Parifiis.
989 539 1051 576 Ex
1070 539 1206 593 officina
1229 541 1388 578 Michae-

279 592 325 629 lis
355 593 577 644 Vascofimi,
610 594 646 631 in
676 593 736 630 via
768 605 853 642 quae
884 594 927 641 el}
950 596 997 631 ad
1022 593 1073 630 D.
1106 594 1292 640 Iacobum,
1319 594 1388 645 fi‘b

271 643 388 696 flantis
413 647 551 700 infigni.
575 658 688 697 1540.
717 659 756 693 4.
777 666 832 677 -
859 643 1084 690 Editionem
1108 646 1210 687 hanc
1236 659 1389 701 procu-

273 701 378 739 ravit
408 701 509 740 Guil.
534 701 712 753 postellus.

122 762 219 806 1543
279 755 337 792 M.
362 755 401 793 V
397 754 518 793 itruvii
529 785 543 802 ,
568 754 635 792 viri
649 753 730 804 litae
745 752 958 806 proseffionis
967 754 1179 806 peritiffimi,
1201 756 1240 792 de
1256 755 1390 794 Archi-

279 810 402 846 tenura
435 808 527 846 libri
554 810 686 854 decem,
715 809 763 846 ad
784 809 973 860 Augustum
997 808 1173 859 Caesarem
1193 808 1389 861 accuranff:

277 862 481 914 conscripti.-
510 861 544 900 δ’
562 876 654 900 nunc
678 861 824 913 primum
848 863 886 900 in
911 862 1096 900 Germania
1119 877 1187 914 qua
1208 865 1324 916 potuit
1339 864 1390 901 di·

277 914 417 968 ligentt'a
443 919 582 967 excufi,
609 928 711 966 atque
739 916 817 954 hinc
851 916 926 953 inde
948 916 1180 967 schematibus
1205 931 1273 954 non
1296 917 1388 955 iniu-

273 969 393 1008 cundis
411 970 580 1009 exornati.
613 970 814 1008 Adiecimus
835 971 937 1007 etiam
947 982 1084 1023 propter
1098 971 1286 1021 argumenti
1307 984 1391 1009 con·

270 1022 508 1074 formitatem,
539 1023 637 1062 Sexti
660 1024 744 1062 Iulii
768 1023 921 1062 Frontini
942 1025 980 1062 de
998 1026 1274 1075 Aquaedublibus
1296 1025 1389 1062 urbis

278 1077 408 1117 Romae
426 1077 589 1117 libellum.
623 1078 704 1116 leem
730 1093 771 1116 ex
791 1077 876 1116 libro
899 1078 1046 1116 Nicolai
1067 1077 1197 1130 Casani
1222 1080 1322 1116 Card.
1350 1081 1390 1116 de

275 1131 423 1170 Staticis
446 1131 677 1184 experimentis
696 1132 946 1184 Fragmentum.
979 1133 1060 1171 Cum
1076 1132 1190 1171 Indice
1206 1132 1390 1185 copiofiffi-

280 1199 356 1230 mo,
373 1186 407 1223 6›
424 1187 638 1238 dispofitione
664 1187 762 1238 longe
781 1185 932 1232 meliori,
963 1201 1062 1238 quam
1080 1200 1196 1225 antea.
1222 1185 1265 1225 In
1286 1187 1363 1226 fine
1379 1200 1388 1226 τ

279 1240 515 1289 Argenwmti.
540 1241 580 1278 In
601 1240 739 1292 officina
757 1240 1021 1279 Knoblochiana
1033 1256 1095 1293 per
1106 1240 1287 1292 Georgium
1303 1243 1389 1279 Ma·

281 1293 525 1344 chaeropieum,
568 1295 673 1332 Anno
699 1308 800 1343 1543.
827 1308 862 1340 4.
897 1315 940 1323 -
984 1292 1030 1331 ῙΠ
1051 1294 1206 1333 erudita
1230 1293 1390 1333 Praefa-

281 1346 418 1395 tione,
437 1348 651 1400 postquam
663 1348 711 1385 de
722 1346 935 1394 Vitruvio,
966 1347 1006 1386 δε
1028 1347 1078 1387 de
1092 1347 1284 1386 librorum
1306 1350 1391 1388 eius

282 1401 451 1440 utilitate
464 1400 636 1440 disseruit
651 1401 922 1453 typographus
935 1431 946 1447 ‚
963 1402 1011 1440 de
1032 1400 1152 1453 ipsius
1168 1401 1288 1443 huius
1307 1403 1392 1443 edi-

283 1455 405 1494 tionis
424 1454 587 1494 confilio
601 1455 653 1494 ita
673 1455 942 1506 persequitur:
961 1470 983 1488 »ν
998 1453 1113 1505 Quid
1125 1466 1259 1494 autem
1279 1469 1391 1509 prae·

282 1507 494 1548 stiterimus
513 1539 524 1556 ,
556 1508 706 1547 tametsi
729 1520 800 1560 par
830 1509 884 1546 est
910 1508 996 1547 aliis
1024 1507 1305 1550 aestimandum
1329 1524 1392 1550 re-

281 1561 485 1615 linquere:
505 1563 641 1616 paucis
655 1573 787 1601 tamen
804 1562 990 1601 indicabo
1006 1561 1215 1603 leetoribus
1229 1594 1240 1611 ,
1262 1576 1306 1603 ut
1325 1567 1391 1603 ad-

281 1617 425 1656 moniti
443 1617 583 1657 melius
601 1616 919 1656 animadvertant
937 1628 984 1655 ac
998 1617 1238 1669 expendant.
1264 1618 1309 1657 In
1327 1630 1393 1657 ex-

282 1670 447 1724 emplari
461 1669 784 1723 recognoscendo
795 1701 806 1717 ,
826 1681 871 1709 ut
886 1671 1134 1710 emendatius
1150 1672 1367 1714 habet-etur
1379 1705 1391 1724 ,

282 1724 410 1764 fidelis
434 1725 635 1777 diligentia
660 1724 713 1764 est
742 1724 932 1765 adhibita.
963 1724 1120 1764 Graeca
1151 1727 1269 1766 etiam
1295 1740 1392 1767 eru-

280 1779 457 1818 dirorum
483 1792 588 1832 ope,
627 1779 757 1831 quoad
786 1779 924 1827 licuit,
958 1778 1211 1820 restituimus.
1246 1782 1390 1834 Neque

282 1842 414 1871 tamen
442 1834 575 1872 omnia
600 1844 810 1885 repurgata
831 1832 907 1872 effe
928 1832 1135 1885 profiteor.
1165 1834 1261 1874 Non
1283 1839 1389 1876 enim

282 1886 362 1926 ausi
386 1887 516 1926 sumus
541 1899 691 1926 temere
717 1898 870 1926 mutare
886 1918 897 1935 ,
924 1888 992 1927 ubi
1015 1888 1129 1927 nobis
1154 1900 1262 1929 certa
1288 1895 1391 1931 veri-

282 1951 342 1980 tas
361 1954 439 1980 non
461 1941 689 1981 constabat:
711 1941 828 1980 etiam
849 1940 875 1978 ss
894 1941 1077 1981 mendum
1100 1944 1297 1984 interdum
1316 1945 1391 1986 effe

279 1995 583 2034 conficeremus.
608 1995 720 2047 Quia
745 2008 846 2034 vero
865 1996 912 2034 ad
940 1996 1058 2036 huius
1079 1999 1175 2037 artis
1194 2002 1391 2052 cognitio-

283 2061 372 2087 nem
400 2049 608 2103 plurimum
641 2049 872 2089 conducunt
892 2049 1090 2089 schemata
1107 2081 1118 2097 ,
1142 2064 1188 2091 ea
1207 2055 1392 2093 exciden-

282 2102 331 2140 da
352 2105 579 2144 curavimus
602 2104 843 2157 elegantiore
869 2103 1016 2151 forma,
1041 2119 1156 2157 quam
1175 2108 1213 2145 in
1234 2109 1392 2147 Floren-

285 2157 371 2196 tino
402 2160 615 2212 exemplari
644 2159 841 2198 visuntur.
883 2158 928 2196 ln
959 2159 1183 2212 colligendo
1213 2162 1253 2201 ὃς
1282 2164 1392 2211 disge—

286 2213 411 2250 rendo
438 2211 599 2261 Indice,
628 2214 749 2266 magis
776 2224 986 2261 veremur,
1019 2226 1068 2252 ne
1093 2216 1181 2266 quis
1206 2207 1392 2257 immodi-

285 2275 375 2302 cum
400 2266 578 2306 nostrum
600 2267 775 2306 laborem
801 2268 1089 2318 reprehendat,
1117 2282 1234 2320 quam
1256 2271 1305 2309 de
1327 2284 1391 2310 ne·

288 2316 470 2368 gligentia
488 2333 689 2372 queratur.
722 2322 783 2360 Ne
798 2322 884 2374 quis
901 2334 1032 2361 tamen
1050 2334 1124 2361 nos
1144 2325 1306 2364 modum
1325 2338 1392 2364 ex—

287 2369 429 2409 ceffiffe
455 2374 671 2423 existimet,
693 2374 826 2415 sumus
847 2377 926 2416 hoc
951 2376 1156 2416 confilium
1179 2377 1297 2418 secuti
1313 2411 1324 2429 ‚
1347 2391 1391 2418 ut

287 2422 409 2462 leeior
435 2427 565 2477 plures
590 2429 702 2468 locos
734 2430 836 2469 inter
865 2429 901 2468 se
927 2429 1194 2481 conterendo,
1224 2433 1391 2473 alterum

288 2477 450 2517 alterius
469 2481 706 2524 adminiculo
725 2483 876 2523 facilius
890 2485 1139 2538 intelligeret.
1159 2488 1391 2529 Addidimus

287 2532 406 2570 etiam
428 2533 600 2574 Iudicem
615 2536 859 2579 Graecarum
884 2539 1095 2579 diffionum
1110 2572 1121 2589 ‚
1137 2540 1161 2579 si
1182 2544 1269 2595 quis
1287 2543 1392 2582 forte

1074 2595 1096 2634 b
1127 2612 1151 2643 4
