1600 2902
252 173 319 230 64
506 168 574 212 M.
608 163 897 212 VITRUVII
930 163 1262 213 POLLIONIS

253 278 342 323 bus
372 275 415 320 Sc
442 273 635 335 publica
667 289 807 332 opera
834 272 875 318 Sc
916 272 1108 331 privatas
1146 272 1339 328 domos,
1385 270 1524 315 etiam

256 350 395 411 regias
412 382 427 404 ‚
466 364 490 392 e
512 349 651 392 latere
676 343 859 390 struffias
888 347 997 390 licet
1020 345 1190 390 videre.
1235 345 1293 389 Et
1316 343 1525 404 primum

255 421 449 467 Athenis
499 436 722 471 murum,
800 418 882 477 qui
924 413 1095 477 specsiat
1136 417 1194 462 ad
1239 418 1527 477 Hymettum

259 506 472 541 montem
507 493 548 538 Sc
596 491 932 537 Pentelensem.
980 490 1100 534 Item
1137 489 1277 534 Patris
1309 490 1359 533 in
1406 487 1524 532 aede

257 567 404 621 Iovis,
438 565 479 610 84:
511 563 723 609 Herculis
761 563 972 607 lateritias
1011 562 1167 616 cellas,
1190 576 1298 605 curn
1319 560 1435 604 circa
1461 560 1525 601 la-

256 640 392 700 pidea
437 639 485 682 in
520 637 634 682 aede
681 637 888 697 epistylia
926 635 1013 679 sint
1058 635 1099 680 8c
1141 635 1402 679 columnae.
1469 631 1526 675 In

255 712 385 758 Italia
432 710 576 755 Aretii
611 710 844 754 vetustum
898 709 1075 771 egregie
1108 704 1280 752 stastum
1318 721 1524 754 murum.

254 782 489 828 Trallibus
513 815 527 838 ‚
588 782 789 826 domum
840 781 1026 843 regibus
1077 778 1284 824 Attalicis
1331 774 1523 830 factam,

258 873 382 916 quae
403 855 462 899 ad
489 854 799 900 habitandum
817 855 997 914 semper
1029 853 1164 897 datur
1186 854 1249 905 ei,
1301 852 1385 911 qui
1415 850 1529 895 civi-

259 929 361 974 tatis
400 929 516 990 ¹gerit
559 927 883 972 sacerdotium.
951 927 1070 971 Item
1114 926 1467 970 Lacedaemone
1503 937 1529 965 e

262 999 549 1059 quibusdam
580 999 833 1059 parietibus
864 998 1003 1043 etiam
1032 996 1241 1057 picturae
1268 995 1439 1040 excisae
1460 993 1530 1036 in-

261 1070 460 1118 tei-sefflis
507 1073 726 1117 lateribus
761 1071 962 1116 inclusae
1001 1071 1107 1115 sunt
1144 1071 1190 1113 in
1226 1069 1388 1131 ligneis
1433 1066 1530 1110 for-

260 1143 371 1197 mis,
392 1142 431 1186 Sc
454 1143 502 1187 in
520 1143 768 1187 comitium
782 1176 796 1197 ,
835 1141 892 1186 ad
917 1153 1136 1186 ornatum
1156 1140 1396 1202 aedilitatis
1415 1138 1530 1182 Var-

261 1215 386 1260 ronis
428 1215 469 1261 Sc
511 1214 770 1268 Murenae,
805 1213 997 1258 fuerunt
1030 1215 1202 1258 allatae.
1257 1205 1410 1256 Croesi
1443 1210 1532 1254 do*

261 1303 396 1342 mus,
429 1304 574 1346 quam
598 1285 805 1331 Sardiani
839 1286 1018 1331 civibus
1048 1286 1107 1330 ad
1137 1283 1529 1345 requiescendum

261 1359 421 1403 aetatis
451 1359 577 1414 otio,
607 1358 844 1403 seniorum
877 1359 1078 1422 collegio
1118 1358 1359 1403 Gerufiam
1390 1355 1530 1400 dedi-

263 1441 497 1475 caverunt.
552 1430 673 1475 Item
722 1431 1013 1476 Halicarnasii
1067 1429 1371 1490 potentiffimi
1415 1427 1531 1489 regis

263 1501 462 1545 Mausoli
486 1501 660 1547 domus
680 1517 790 1546 cum
820 1501 1134 1546 Proconnefio
1170 1516 1402 1544 marmore
1424 1516 1529 1543 om-

260 1572 339 1616 nia
374 1571 567 1617 haberet
609 1585 797 1629 ornata,
838 1573 1033 1632 parietes
1066 1572 1207 1616 habet
1239 1573 1379 1617 latere
1414 1571 1530 1615 stru·-

264 1639 383 1698 Ros,
408 1643 492 1702 qui
515 1643 572 1687 ad
604 1644 693 1688 hoc
723 1657 909 1704 tempus
942 1644 1170 1706 egregiam
1201 1644 1428 1703 praestant
1458 1643 1531 1687 fir-

262 1714 476 1760 mitatem
492 1748 505 1771 ,
542 1717 602 1759 ita
628 1712 828 1760 tectoriis
857 1716 1078 1776 operibus
1102 1716 1322 1776 expoliti,
1345 1728 1399 1760 ut
1421 1714 1530 1760 vitri

262 1787 642 1848 perluciditatem
675 1788 922 1833 videantur
953 1789 1136 1833 habere.
1178 1789 1350 1848 Neque
1379 1789 1413 1832 is
1447 1803 1530 1832 rex

264 1859 323 1904 ab
358 1860 518 1920 inopia
553 1860 602 1904 id
636 1859 771 1905 fecit:
824 1861 1016 1906 infinitis
1062 1862 1189 1906 enim
1229 1858 1531 1923 veotigalibus

267 1945 361 1977 erat
396 1932 566 1989 fartus,
600 1933 731 1992 quod
770 1934 1027 1994 imperabat
1061 1933 1218 1978 Cariae
1247 1934 1348 1978 toti.
1405 1933 1533 1978 Acu-

271 2024 385 2052 men
426 2020 586 2053 autem
625 2008 723 2052 eius
764 2008 803 2052 Sc
843 2009 1071 2053 solertiam
1116 2008 1177 2052 ad
1213 2008 1421 2056 aedificia
1452 2026 1534 2069 pa-

268 2080 412 2126 randa
435 2081 492 2125 sic
521 2081 628 2125 licet
660 2081 958 2126 considerare.
1005 2081 1129 2125 Cum
1158 2080 1263 2126 effet
1292 2083 1418 2126 enim
1455 2097 1534 2126 na-

266 2164 342 2196 tus
371 2152 586 2213 Mylasis,
631 2152 671 2197 Sc
703 2152 1091 2198 animadvertisset
1137 2153 1427 2199 Halicarnaffi
1463 2155 1532 2198 lo-

269 2239 380 2268 cum
413 2224 677 2269 naturaliter
713 2225 952 2270 munitum
972 2258 984 2280 ‚
1025 2227 1396 2286 emporiumque
1425 2225 1533 2270 ido-

272 2310 446 2351 neum,
479 2308 672 2357 portum
703 2297 864 2341 utilem
887 2330 900 2352 ‚
936 2297 1001 2341 ibi
1032 2298 1115 2342 fibi
1146 2298 1346 2343 domum
1373 2297 1535 2342 consti-

276 2366 383 2411 tuit.
429 2368 469 2412 Is
489 2381 647 2413 autem
680 2370 808 2413 locus
847 2369 909 2412 est
932 2369 1094 2414 theatri
1124 2382 1392 2414 curvaturae
1413 2367 1536 2411 simi-

278 2438 342 2483 lis.
372 2440 539 2501 Itaque
563 2442 612 2487 in
639 2443 732 2487 imo
752 2442 1013 2489 secundum
1036 2454 1258 2503 portum,
1296 2440 1451 2486 forum
1474 2440 1533 2485 est
