1600 2902
298 165 383 214 DE
418 164 915 212 ARCHITECTURA
949 164 1056 211 LIB.
1091 165 1150 210 X.
1267 177 1360 230 291⁴

105 285 194 320 tur.
227 271 456 335 Alligatus
487 273 536 317 in
569 272 752 317 summo
781 272 1009 328 trochlea,
1045 287 1188 332 quam
1218 273 1361 319 etiam

103 346 323 391 nonnulli
348 346 619 389 rechamum
641 345 819 389 dicunt.
846 345 899 389 In
918 346 1174 391 trochleam
1195 347 1362 395 indun.

102 427 180 460 tur
213 416 411 461 orbiculi
445 416 573 471 duo,
613 433 698 476 per
728 415 934 460 axiculos
965 416 1240 462 versationes
1279 420 1363 465 ha-

101 487 297 543 bentes,
333 505 416 548 per
454 488 584 533 cuius
624 488 892 532 orbiculum
924 489 1162 533 summum
1195 493 1364 537 traiici-

97 571 176 606 tur
203 559 433 608 duffilarius
468 563 601 607 funis.
644 563 831 608 Deinde
852 564 1116 609 demittitur
1137 567 1176 610 &t
1203 568 1365 615 tradu-

98 633 222 678 citur
255 635 373 679 circa
413 635 610 680 orbiculi
642 635 790 679 imum
834 638 1068 681 trochleae
1108 638 1364 698 inferioris,

99 705 298 751 refertur
314 721 471 752 autem
491 707 550 751 ad
570 707 837 752 orbiculum
859 708 1011 754 imum
1042 712 1274 757 trochleae
1294 714 1367 758 su-

100 780 315 840 perioris,
351 781 392 826 8c
416 780 476 826 ita
497 780 735 825 descendit
752 781 811 825 ad
838 781 1102 826 inferiorern
1119 817 1131 838 ,
1167 784 1206 827 Sc
1224 785 1272 829 in
1292 784 1367 831 fo-

101 854 279 897 ramine
313 853 409 898 eius
443 864 582 911 caput
599 852 719 897 funis
739 853 968 915 religatur.
1001 853 1155 899 Altera
1175 871 1276 915 pars
1295 857 1370 903 fu-

101 923 171 968 nis
190 923 386 968 refertur
413 923 532 967 inter
556 921 666 967 imas
695 924 936 968 machinae
965 937 1127 983 partes.
1177 927 1233 970 In
1254 944 1369 986 qua-

100 998 193 1043 dris
236 1010 393 1044 autem
439 997 679 1060 tignorum
725 997 1080 1057 posterioribus,
1131 1015 1230 1058 quo
1274 1001 1367 1046 loci

100 1071 208 1116 sunt
229 1071 499 1126 divaricata,
531 1071 741 1132 figuntur
771 1071 1011 1125 chelonia,
1040 1070 1089 1115 in
1115 1088 1234 1130 quae
1255 1089 1369 1118 con-

100 1143 324 1188 iiciuntur
351 1142 615 1187 sucularum
649 1143 795 1201 capita
812 1176 825 1197 ,
864 1155 916 1187 ut
936 1142 1128 1187 faciliter
1148 1161 1250 1188 axes
1276 1162 1373 1190 ver-

102 1215 275 1261 sentur.
316 1215 404 1259 Eae
427 1215 611 1260 suculae
635 1216 852 1274 proxime
882 1216 1030 1275 capita
1051 1216 1227 1261 habent
1250 1217 1372 1263 fora-

103 1287 232 1332 mina
270 1286 378 1330 bina
411 1286 472 1330 ita
501 1297 787 1345 temperata,
827 1298 880 1331 ut
914 1285 1064 1331 veCies
1092 1290 1139 1332 in
1177 1305 1228 1333 ea
1257 1306 1371 1335 con-

102 1359 261 1404 venire
295 1357 473 1417 pollint.
508 1357 586 1401 Ad
620 1359 891 1403 rechamum
922 1373 1080 1403 autern
1115 1360 1265 1405 imum
1285 1362 1372 1406 fer-

101 1433 167 1477 rei
196 1431 393 1491 forcipes
425 1431 696 1492 religantur,
746 1448 953 1490 quorum
987 1432 1147 1477 dentes
1187 1435 1233 1477 in
1267 1437 1374 1481 laxa

102 1505 244 1550 forata
270 1506 701 1550 accommodantur.
745 1506 867 1550 Cum
898 1517 1054 1550 autem
1078 1506 1197 1551 funis
1226 1509 1372 1554 habet

101 1588 245 1637 caput
273 1577 332 1621 ad
352 1577 557 1622 suculam
581 1578 856 1639 religatum,
890 1578 929 1622 ἃ
958 1576 1107 1622 veffles
1142 1579 1372 1625 ducentes

104 1667 206 1696 eam
236 1651 416 1696 versant
434 1684 447 1706 ,
476 1649 597 1694 funis
625 1650 668 1693 se
695 1650 990 1695 involvendo
1021 1652 1135 1695 circa
1160 1652 1371 1699 suculam

106 1723 402 1777 extenditur,
443 1723 482 1768 8<
520 1723 580 1766 ita
624 1722 837 1766 sublevat
882 1739 1024 1768 onera
1065 1723 1124 1767 ad
1159 1724 1371 1769 altitudi-

104 1810 215 1840 nem
246 1795 286 1841 Sc
308 1811 506 1855 operum
529 1795 871 1840 collocationes.

461 1909 799 1956 CAPUT
865 1911 1008 1954 III.

401 1985 470 2030 De
502 1987 587 2029 alia
617 1985 815 2029 machina
852 1987 1069 2030 craffloria.

170 2075 298 2120 Haec
318 2088 474 2120 autem
494 2077 608 2121 ratio
628 2077 1005 2130 machinationis,
1029 2075 1161 2135 quod
1181 2093 1262 2136 per
1281 2089 1372 2123 tres

108 2147 342 2194 orbiculos
367 2147 792 2203 circumvolvitur,
837 2148 1062 2207 trispastos
1096 2151 1370 2207 appellatur.

108 2224 232 2266 Cum
259 2238 367 2264 vero
389 2221 436 2264 in
458 2222 547 2265 ima
568 2223 772 2266 trochlea
801 2223 899 2267 duo
927 2222 1149 2275 orbiculi,
1173 2224 1217 2264 in
1239 2223 1376 2282 lupe..

106 2294 214 2338 riori
237 2307 322 2336 tres
344 2293 609 2348 versantur,
643 2294 688 2337 id
719 2296 1044 2353 pentaspaston
1072 2294 1255 2338 (licitur.
1290 2299 1372 2341 sm

107 2378 264 2410 autem
294 2366 545 2410 maioribus
568 2367 788 2411 oneribus
814 2380 949 2411 erunt
979 2367 1220 2411 machinae
1245 2384 1374 2413 com-

106 2436 364 2497 parandae,
397 2438 703 2499 amplioribus
725 2439 965 2501 tignorum
996 2439 1373 2499 longitudinibus

1015 2502 1058 2546 Τ
1094 2498 1121 2549 2
