1600 2902
218 217 310 250 120
459 200 529 247 M.
567 198 864 246 VITRUVII
897 201 1237 249 POLLIONIS

214 307 417 354 modum
447 317 799 366 componantur
819 339 832 362 ‚
858 307 1269 365 quemadmodum
1302 308 1350 353 in
1376 307 1480 354 Do-

214 381 317 427 ricis
352 379 785 440 hyperthyridibus.
837 379 1082 436 AnconeS,
1116 382 1206 426 five
1242 381 1481 441 prothyri-

215 453 295 497 des
327 465 581 508 vocentur,
613 453 880 512 exsculptae
902 452 1064 497 dextra
1093 470 1144 498 ac
1161 455 1328 499 sinistra
1347 470 1480 514 prae-

213 525 455 586 pendeant
473 525 532 570 ad
562 525 643 569 imi
671 524 902 584 lupercilii
927 526 1264 571 libramentum
1295 539 1479 587 praeter

213 598 400 644 folium.
437 598 528 642 Eae
564 597 768 642 habeant
797 597 844 641 in
870 597 1025 643 fronte
1053 598 1391 643 crassitudinem
1418 614 1477 645 ex

212 671 565 734 antepagmenti
604 671 755 715 tribus
802 670 1012 730 partibus
1064 687 1238 726 unam,
1287 672 1336 715 in
1379 671 1478 715 imo

212 756 377 803 quarta
413 755 541 803 parte
575 743 863 805 graciliores,
911 760 1055 802 quam
1085 742 1330 803 superiora.
1386 744 1479 787 Fo-

212 833 282 862 res
316 817 378 861 ita
408 819 801 879 compingantur,
846 817 915 861 uti
945 818 1065 878 scapi
1101 817 1351 862 cardinales
1391 817 1479 860 fint

215 906 276 934 ex
314 890 563 934 altitudine
595 888 784 933 luminis
825 890 970 934 totius
1014 889 1299 935 duodecima
1334 899 1480 948 parte.

211 962 340 1007 Inter
367 962 484 1007 duos
512 963 666 1022 scapos
698 974 926 1022 tympana
960 977 1017 1006 ex
1047 960 1307 1006 duodecim
1340 960 1482 1020 parti-

212 1035 301 1080 bus
333 1035 535 1079 habeant
566 1047 715 1079 ternas
760 1047 921 1095 partes.
958 1034 1230 1096 Impagibus
1263 1033 1480 1077 distribu-

210 1107 365 1151 tiones
402 1107 461 1150 ita
490 1106 629 1161 fient,
663 1106 732 1152 uti
766 1106 917 1151 divisis
947 1106 1279 1151 altitudinibus
1302 1106 1349 1148 in
1373 1120 1480 1163 par-

211 1190 280 1223 tes
308 1179 552 1237 quinque,
593 1178 715 1221 duae
745 1177 993 1238 superiori,
1031 1189 1121 1222 tres
1153 1176 1359 1221 inferiori
1397 1175 1481 1220 de-

212 1252 463 1313 fignentur.
501 1251 650 1310 Super
674 1252 891 1296 medium
925 1251 1069 1296 medii
1097 1252 1301 1313 impages
1334 1251 1479 1295 collo-

211 1336 407 1369 centur:
442 1340 499 1368 ex
532 1324 723 1383 reliquis
759 1325 835 1369 alii
867 1325 916 1368 in
952 1324 1168 1379 summo,
1200 1323 1275 1368 alii
1307 1324 1353 1367 in
1378 1323 1478 1367 imo
1526 1382 1527 1385 Ἴ

214 1396 594 1457 compingantur.
650 1395 875 1441 Latitudo
915 1396 1110 1458 impagis
1146 1396 1224 1440 fiat
1264 1395 1481 1456 tympani

210 1469 345 1514 tertia
375 1483 503 1529 parte
520 1505 531 1526 ‚
563 1469 821 1530 cymatium
845 1468 967 1513 sexta
988 1481 1120 1528 parte
1142 1468 1345 1530 impagis.
1367 1467 1477 1511 Sca-

210 1558 385 1602 porum
416 1541 684 1587 latitudines
704 1541 896 1602 impagis
931 1540 1128 1584 dimidia
1159 1553 1300 1599 parte.
1354 1540 1477 1584 Item

210 1615 403 1674 replum
442 1614 501 1658 de
527 1613 710 1674 impage
735 1611 930 1656 dimidia
959 1612 999 1657 ἑὲ
1032 1612 1156 1656 sexta
1190 1622 1332 1671 parte.
1369 1611 1478 1656 Sca-

211 1687 290 1747 pi,
328 1686 413 1746 qui
455 1686 562 1730 sunt
601 1684 863 1730 secundum
906 1695 1296 1746 antepagmenta,
1336 1683 1478 1727 dimi-

214 1759 349 1804 dium
376 1760 568 1822 impagis
587 1757 939 1803 constituantur.
975 1756 1056 1801 Sin
1083 1769 1241 1801 autem
1269 1758 1477 1802 valvatae

213 1845 379 1889 erunt,
411 1832 677 1878 altitudines
707 1832 768 1876 ita
791 1832 1074 1887 manebunt,
1106 1831 1152 1876 in
1173 1831 1474 1876 latitudinem

213 1905 458 1951 adiiciatur
498 1904 695 1964 amplius
735 1904 842 1948 foris
874 1903 1100 1957 latitud03
1135 1903 1165 1949 sl
1199 1902 1477 1962 quadriforis

211 1979 370 2024 futura
390 1979 478 2035 est,
511 1977 709 2022 altitudo
739 1977 992 2022 adiiciatur.
1021 1976 1282 2039 Atticurges
1314 1988 1475 2021 autem

212 2052 380 2097 iisdem
411 2050 668 2096 rationibus
696 2050 1030 2110 perficiuntur,
1066 2050 1239 2109 quibus
1276 2049 1468 2094 Dorica:

212 2137 446 2186 praeterea
486 2124 634 2170 corsae
668 2124 751 2169 sub
792 2124 1002 2185 cymatiis
1031 2125 1080 2169 in
1108 2124 1478 2186 antepagmentis

214 2198 565 2244 circumdantur
581 2233 595 2254 ‚
623 2208 748 2259 'quae
775 2199 837 2243 ita
858 2198 1069 2242 distribui
1094 2198 1296 2253 debent,
1333 2198 1403 2242 uti
1425 2198 1474 2241 in

212 2273 583 2334 antepagmentis
606 2284 785 2333 praeter
816 2274 1074 2333 cymatium
1111 2289 1168 2316 ex
1187 2273 1393 2332 partibus
1411 2270 1478 2314 se-

212 2356 346 2403 ptem
377 2345 579 2390 habeant
617 2346 727 2389 duas
761 2356 920 2404 partes.
965 2344 1161 2405 Ipsaque
1193 2343 1366 2389 forium
1401 2357 1473 2385 or-

212 2428 435 2461 namenta
463 2432 563 2461 non
587 2418 707 2462 fiunt
734 2417 981 2462 cerostrota
1010 2432 1167 2476 neque
1192 2415 1365 2467 bifora,
1394 2411 1475 2456 sed

213 2489 414 2550 Valvata,
439 2489 480 2539 Sc
510 2502 742 2552 aperturas
772 2491 950 2539 habent
973 2490 1023 2536 in
1048 2489 1294 2538 exteriores
1311 2496 1476 2547 partes.
