1600 2902
272 181 364 229 268
521 176 588 224 M.
623 177 915 224 VITRUVII
949 179 1287 227 POLLIONIS

272 284 407 346 quod
431 284 633 330 candens
666 301 762 329 non
797 285 879 339 sit,
922 297 1112 345 propter
1142 290 1248 334 aeris
1274 288 1536 334 fimilitudiz-

271 373 382 402 nem
422 357 665 405 obscuram
696 358 865 412 videri3
907 374 1015 403 curn
1050 361 1107 403 ad
1141 362 1537 421 perpendiculum

271 431 417 474 exstet
450 431 508 474 ad
545 431 639 475 eius
663 431 839 486 radios,
879 443 1034 478 totum
1066 435 1224 479 lumen
1254 437 1311 480 ad
1333 436 1539 496 superio-

270 518 369 547 rem
415 503 614 564 speciem
651 504 862 560 retineri,
900 504 939 548 Sc
969 517 1083 551 tunc
1125 523 1226 551 earn
1258 510 1408 553 vocari
1442 509 1539 568 pri-

271 591 414 619 mam.
471 575 591 620 Cum
632 578 910 636 praeteriens
945 577 1074 621 vadit
1101 578 1158 622 ad
1190 580 1377 624 orientis
1417 580 1537 624 coeli

272 657 449 706 partes,
475 649 665 692 relaxari
699 649 756 694 ab
796 650 975 710 impetu
1012 650 1142 706 solis,
1183 662 1537 712 extremamque

273 720 370 764 eius
391 731 568 781 partem
589 723 864 767 candentiae
891 723 1070 783 oppido
1090 740 1231 784 quam
1260 726 1390 771 tenui
1416 726 1538 770 linea

269 792 331 837 ad
351 805 517 838 terram
555 794 738 839 mittere
770 795 1095 855 splendorem3
1130 796 1170 840 8c
1198 796 1258 841 ita
1279 813 1335 841 ex
1354 814 1409 841 eo
1435 813 1539 841 earn

270 866 524 911 secundam
549 867 716 911 vocari.
758 868 1048 936 Quotidiana
1085 880 1243 915 autem
1273 867 1541 913 versationis

272 940 561 995 remissione,
610 942 814 996 tertiam,
863 953 1108 1001 quartam,
1156 943 1203 986 in
1242 942 1335 986 dies
1370 957 1540 987 nume-

271 1012 382 1057 rari:
423 1012 622 1072 septimo
659 1013 735 1058 die
779 1012 858 1058 Sol
887 1030 994 1060 cum
1032 1014 1084 1058 sit
1113 1013 1173 1058 ad
1208 1014 1538 1070 occidentem,

274 1083 410 1128 Luna
443 1096 602 1129 autem
636 1085 757 1131 inter
791 1086 1019 1131 orientem
1052 1085 1091 1131 ὃς
1123 1087 1419 1132 occidentem
1443 1102 1540 1131 me-

272 1155 367 1200 dias
401 1157 519 1202 coeli
562 1170 719 1203 teneat
757 1160 987 1221 regiones,
1019 1160 1152 1219 quod
1192 1159 1385 1204 dimidia
1409 1169 1539 1220 parte

270 1229 391 1273 coeli
434 1229 577 1289 spatio
622 1231 755 1277 distet
790 1249 813 1276 a
847 1232 965 1288 sole,
1002 1233 1116 1277 item
1154 1232 1399 1276 dimidiam
1428 1248 1539 1276 can-

274 1302 460 1348 dentiae
481 1307 748 1350 conversam
784 1306 954 1352 habere
987 1306 1044 1351 ad
1076 1318 1254 1352 terram.
1298 1308 1422 1352 Inter
1454 1306 1539 1351 So-

273 1375 388 1424 lem.
413 1392 522 1420 vero
568 1378 608 1423 Sc
645 1377 826 1424 Lunam
866 1395 975 1424 cum
1012 1378 1145 1424 distet
1173 1391 1330 1424 toturn
1367 1378 1537 1423 mundi

274 1445 506 1505 spatium,
540 1451 580 1495 &⁴
615 1450 778 1494 Lunae
812 1450 999 1494 orientis
1021 1451 1185 1495 orbem
1210 1450 1289 1496 Sol
1321 1450 1538 1508 retrospi-

277 1520 428 1575 ciens,
470 1537 580 1565 cum
603 1523 761 1566 transit
793 1522 851 1566 ad
885 1523 1178 1568 occidentem
1198 1557 1209 1578 ,
1247 1540 1370 1578 eam,
1401 1521 1539 1582 quod

276 1595 463 1657 longius
496 1595 610 1639 absit
648 1612 672 1639 a
704 1595 836 1640 radiis
876 1596 1132 1652 remiffam,
1173 1607 1332 1655 quarta
1358 1597 1538 1641 decima

279 1667 355 1711 die
389 1669 525 1727 plena
554 1678 654 1711 rota
673 1669 815 1712 totius
842 1669 963 1713 orbis
997 1670 1181 1713 mittere
1212 1668 1538 1727 splendorem,

277 1741 583 1799 reliquosque
601 1741 695 1785 dies
728 1742 1033 1787 decrescentia
1059 1742 1329 1802 quotidiana
1356 1743 1414 1786 ad
1439 1758 1541 1802 per-

278 1810 530 1858 fefflionem
551 1814 719 1873 lunaris.
748 1814 912 1859 mensls
928 1849 940 1870 ,
960 1814 1293 1860 versationibus
1315 1815 1354 1860 8c
1373 1816 1506 1859 cursu
1521 1847 1537 1870 ,

278 1902 304 1929 a
334 1887 427 1930 tole
465 1876 841 1930 revocationibus
881 1886 1033 1932 subire
1067 1900 1248 1942 rotam,
1290 1887 1538 1946 radiosque

276 1958 373 2004 eius
404 1958 541 2002 etiam
583 1959 832 2003 menstruas
882 1960 1066 2005 dierum
1102 1962 1277 2005 efficere
1321 1961 1534 2004 rationes.

277 2032 357 2076 Uti
390 2045 546 2077 autern
583 2031 861 2078 Aristarchus
893 2033 1072 2079 Samius
1094 2068 1106 2089 ,
1151 2034 1536 2088 mathematicus,

277 2105 436 2166 vigore
479 2122 650 2167 magno
686 2107 884 2151 rationes
925 2107 1149 2151 varietatis
1186 2107 1433 2165 disciplinis
1474 2105 1535 2149 de

278 2177 442 2221 eadem
462 2179 680 2238 reliquit,
715 2195 964 2239 exponam.
997 2180 1109 2224 Non
1134 2180 1258 2223 enirn
1282 2182 1414 2234 latet,
1444 2176 1536 2220 Lu-

276 2265 384 2293 nam
422 2249 558 2294 suum
598 2252 945 2311 propriumque
993 2269 1092 2296 non
1129 2252 1297 2296 habere
1340 2253 1533 2304 lumen,

277 2323 356 2367 sed
387 2324 471 2369 esse
502 2324 570 2369 uti
603 2325 868 2384 speculum,
892 2326 932 2371 8c
959 2343 983 2370 a
1003 2325 1120 2371 Solis
1151 2327 1332 2385 impetu
1361 2323 1534 2383 recipe-

277 2413 327 2442 re
358 2397 667 2458 splendorem.
701 2398 925 2456 Namque
952 2399 1084 2443 Luna
1115 2399 1173 2442 de
1206 2399 1381 2457 septem
1416 2395 1536 2439 astris

279 2472 506 2518 circulum
523 2471 799 2532 proximum
818 2483 961 2518 terrae
989 2472 1039 2518 in
1058 2471 1261 2518 cursibus
1280 2470 1535 2515 minimum
