<?xml version="1.0" encoding="UTF-8"?>
<!DOCTYPE html PUBLIC "-//W3C//DTD XHTML 1.0 Transitional//EN"
    "http://www.w3.org/TR/xhtml1/DTD/xhtml1-transitional.dtd">
<html xmlns="http://www.w3.org/1999/xhtml" xml:lang="en" lang="en">
 <head>
  <title>
</title>
<meta http-equiv="Content-Type" content="text/html;charset=utf-8" />
  <meta name='ocr-system' content='tesseract 3.04.00' />
  <meta name='ocr-capabilities' content='ocr_page ocr_carea ocr_par ocr_line ocrx_word'/>
</head>
<body>
  <div class='ocr_page' id='page_1' title='image "./mvitruviipollion00vitr/mvitruviipollion00vitr_0074.png"; bbox 0 0 1600 2902; ppageno 0'>
   <div class='ocr_carea' id='block_1_1' title="bbox 268 221 1279 273">
    <p class='ocr_par' dir='ltr' id='par_1_1' title="bbox 268 221 1279 273">
     <span class='ocr_line' id='line_1_1' title="bbox 268 221 1279 273; baseline 0.002 -2"><span class='ocrx_word' id='word_1_1' title='bbox 268 223 321 272; x_wconf 83' lang='lat'>18</span> <span class='ocrx_word' id='word_1_2' title='bbox 505 221 572 269; x_wconf 89' lang='grc' dir='ltr'>Μ.</span> <span class='ocrx_word' id='word_1_3' title='bbox 608 221 900 269; x_wconf 65' lang='lat' dir='ltr'><strong>VITRUVH</strong></span> <span class='ocrx_word' id='word_1_4' title='bbox 933 224 1279 273; x_wconf 87' lang='lat' dir='ltr'>POLLIONIS</span> 
     </span>
    </p>
   </div>
   <div class='ocr_carea' id='block_1_2' title="bbox 230 329 1516 2564">
    <p class='ocr_par' dir='ltr' id='par_1_2' title="bbox 230 329 1516 2564">
     <span class='ocr_line' id='line_1_2' title="bbox 259 329 1516 390; baseline 0.006 -14"><span class='ocrx_word' id='word_1_5' title='bbox 259 329 552 377; x_wconf 87' lang='lat' dir='ltr'>cantionibus</span> <span class='ocrx_word' id='word_1_6' title='bbox 598 329 822 390; x_wconf 79' lang='lat' dir='ltr'>recipiant</span> <span class='ocrx_word' id='word_1_7' title='bbox 871 329 1225 379; x_wconf 79' lang='lat' dir='ltr'>iucunditatem.</span> <span class='ocrx_word' id='word_1_8' title='bbox 1294 334 1516 384; x_wconf 72' lang='lat' dir='ltr'>Similiter</span> 
     </span>
     <span class='ocr_line' id='line_1_3' title="bbox 259 400 1516 465; baseline 0.001 -13"><span class='ocrx_word' id='word_1_9' title='bbox 259 422 369 452; x_wconf 80' lang='lat' dir='ltr'>cum</span> <span class='ocrx_word' id='word_1_10' title='bbox 394 402 624 464; x_wconf 79' lang='lat' dir='ltr'>astrologis</span> <span class='ocrx_word' id='word_1_11' title='bbox 662 400 702 446; x_wconf 70' lang='lat' dir='ltr'>Sc</span> <span class='ocrx_word' id='word_1_12' title='bbox 727 402 907 448; x_wconf 81' lang='lat' dir='ltr'>musicis</span> <span class='ocrx_word' id='word_1_13' title='bbox 935 403 998 448; x_wconf 87' lang='lat' dir='ltr'>est</span> <span class='ocrx_word' id='word_1_14' title='bbox 1027 404 1278 465; x_wconf 86' lang='lat' dir='ltr'>disputatio</span> <span class='ocrx_word' id='word_1_15' title='bbox 1298 423 1516 453; x_wconf 89' lang='lat' dir='ltr'>commu-</span> 
     </span>
     <span class='ocr_line' id='line_1_4' title="bbox 256 474 1509 538; baseline 0.002 -16"><span class='ocrx_word' id='word_1_16' title='bbox 256 482 326 523; x_wconf 86' lang='lat' dir='ltr'>nis</span> <span class='ocrx_word' id='word_1_17' title='bbox 364 477 421 520; x_wconf 89' lang='lat' dir='ltr'>de</span> <span class='ocrx_word' id='word_1_18' title='bbox 454 474 714 536; x_wconf 77' lang='lat' dir='ltr'>sympathia</span> <span class='ocrx_word' id='word_1_19' title='bbox 746 474 977 519; x_wconf 79' lang='lat' dir='ltr'>stellarum</span> <span class='ocrx_word' id='word_1_20' title='bbox 1013 475 1054 520; x_wconf 83' lang='lat' dir='ltr'>8c</span> <span class='ocrx_word' id='word_1_21' title='bbox 1086 476 1472 538; x_wconf 79' lang='lat' dir='ltr'>symphoniarum</span> <span class='ocrx_word' id='word_1_22' title='bbox 1492 514 1509 536; x_wconf 94' lang='lat'>,</span> 
     </span>
     <span class='ocr_line' id='line_1_5' title="bbox 253 546 1504 612; baseline 0.002 -18"><span class='ocrx_word' id='word_1_23' title='bbox 253 550 303 594; x_wconf 81' lang='lat' dir='ltr'>in</span> <span class='ocrx_word' id='word_1_24' title='bbox 323 547 555 608; x_wconf 82' lang='lat' dir='ltr'>quadratis</span> <span class='ocrx_word' id='word_1_25' title='bbox 584 546 624 591; x_wconf 72' lang='lat' dir='ltr'>Sc</span> <span class='ocrx_word' id='word_1_26' title='bbox 649 547 838 610; x_wconf 84' lang='lat' dir='ltr'>trigonis</span> <span class='ocrx_word' id='word_1_27' title='bbox 856 582 867 603; x_wconf 83' lang='lat'>‚</span> <span class='ocrx_word' id='word_1_28' title='bbox 899 547 1172 593; x_wconf 81' lang='lat' dir='ltr'>diateffaron</span> <span class='ocrx_word' id='word_1_29' title='bbox 1199 550 1240 596; x_wconf 78' lang='lat' dir='ltr'>8c</span> <span class='ocrx_word' id='word_1_30' title='bbox 1258 551 1504 612; x_wconf 78' lang='lat' dir='ltr'>diapente:</span> 
     </span>
     <span class='ocr_line' id='line_1_6' title="bbox 253 618 1514 682; baseline 0.002 -18"><span class='ocrx_word' id='word_1_31' title='bbox 253 637 365 666; x_wconf 85' lang='lat' dir='ltr'>cum</span> <span class='ocrx_word' id='word_1_32' title='bbox 394 618 638 682; x_wconf 83' lang='lat' dir='ltr'>geometris</span> <span class='ocrx_word' id='word_1_33' title='bbox 666 619 724 663; x_wconf 88' lang='lat' dir='ltr'>de</span> <span class='ocrx_word' id='word_1_34' title='bbox 750 619 878 674; x_wconf 79' lang='lat' dir='ltr'>visu,</span> <span class='ocrx_word' id='word_1_35' title='bbox 903 619 989 679; x_wconf 85' lang='lat' dir='ltr'>qui</span> <span class='ocrx_word' id='word_1_36' title='bbox 1013 619 1187 665; x_wconf 81' lang='lat' dir='ltr'>Graece</span> <span class='ocrx_word' id='word_1_37' title='bbox 1219 625 1337 675; x_wconf 70' lang='grc' dir='ltr'><em>λόγος</em></span> <span class='ocrx_word' id='word_1_38' title='bbox 1362 623 1514 670; x_wconf 69' lang='grc' dir='ltr'>σίττικός</span> 
     </span>
     <span class='ocr_line' id='line_1_7' title="bbox 252 692 1513 756; baseline 0 -15"><span class='ocrx_word' id='word_1_39' title='bbox 252 697 539 756; x_wconf 59' lang='lat' dir='ltr'>appellatum</span> <span class='ocrx_word' id='word_1_40' title='bbox 592 693 847 752; x_wconf 81' lang='lat' dir='ltr'>ceterisque</span> <span class='ocrx_word' id='word_1_41' title='bbox 886 693 1106 738; x_wconf 88' lang='lat' dir='ltr'>omnibus</span> <span class='ocrx_word' id='word_1_42' title='bbox 1137 692 1354 740; x_wconf 63' lang='lat' dir='ltr'>docirinis</span> <span class='ocrx_word' id='word_1_43' title='bbox 1392 698 1513 741; x_wconf 88' lang='lat' dir='ltr'>mul-</span> 
     </span>
     <span class='ocr_line' id='line_1_8' title="bbox 249 766 1508 823; baseline 0.001 -9"><span class='ocrx_word' id='word_1_44' title='bbox 249 781 324 814; x_wconf 82' lang='lat' dir='ltr'>tae</span> <span class='ocrx_word' id='word_1_45' title='bbox 357 784 453 823; x_wconf 78' lang='lat' dir='ltr'>res,</span> <span class='ocrx_word' id='word_1_46' title='bbox 478 767 552 811; x_wconf 85' lang='lat' dir='ltr'>vel</span> <span class='ocrx_word' id='word_1_47' title='bbox 588 781 780 821; x_wconf 76' lang='lat' dir='ltr'>omneS,</span> <span class='ocrx_word' id='word_1_48' title='bbox 816 782 1092 811; x_wconf 84' lang='lat' dir='ltr'>communes</span> <span class='ocrx_word' id='word_1_49' title='bbox 1124 766 1228 812; x_wconf 84' lang='lat' dir='ltr'>sunt</span> <span class='ocrx_word' id='word_1_50' title='bbox 1260 768 1508 815; x_wconf 74' lang='lat' dir='ltr'>dumtaxat</span> 
     </span>
     <span class='ocr_line' id='line_1_9' title="bbox 248 836 1506 901; baseline -0.001 -15"><span class='ocrx_word' id='word_1_51' title='bbox 248 840 307 886; x_wconf 84' lang='lat' dir='ltr'>ad</span> <span class='ocrx_word' id='word_1_52' title='bbox 340 836 690 899; x_wconf 83' lang='lat' dir='ltr'>disputandum.</span> <span class='ocrx_word' id='word_1_53' title='bbox 739 837 955 896; x_wconf 78' lang='lat' dir='ltr'>Operum</span> <span class='ocrx_word' id='word_1_54' title='bbox 988 855 1098 882; x_wconf 77' lang='lat' dir='ltr'>vero</span> <span class='ocrx_word' id='word_1_55' title='bbox 1136 838 1377 901; x_wconf 72' lang='lat' dir='ltr'>ingressus,</span> <span class='ocrx_word' id='word_1_56' title='bbox 1420 841 1506 900; x_wconf 85' lang='lat' dir='ltr'>qui</span> 
     </span>
     <span class='ocr_line' id='line_1_10' title="bbox 248 906 1509 973; baseline 0.001 -16"><span class='ocrx_word' id='word_1_57' title='bbox 248 928 393 957; x_wconf 78' lang='lat' dir='ltr'>manu</span> <span class='ocrx_word' id='word_1_58' title='bbox 436 927 486 956; x_wconf 84' lang='lat' dir='ltr'>ac</span> <span class='ocrx_word' id='word_1_59' title='bbox 524 906 871 955; x_wconf 57' lang='lat' dir='ltr'>traRationibus</span> <span class='ocrx_word' id='word_1_60' title='bbox 913 911 970 954; x_wconf 85' lang='lat' dir='ltr'>ad</span> <span class='ocrx_word' id='word_1_61' title='bbox 1014 913 1291 973; x_wconf 77' lang='lat' dir='ltr'>elegantiam</span> <span class='ocrx_word' id='word_1_62' title='bbox 1332 913 1509 973; x_wconf 85' lang='lat' dir='ltr'>perdu-</span> 
     </span>
     <span class='ocr_line' id='line_1_11' title="bbox 246 984 1507 1045; baseline 0.002 -14"><span class='ocrx_word' id='word_1_63' title='bbox 246 998 421 1032; x_wconf 85' lang='lat' dir='ltr'>cuntur</span> <span class='ocrx_word' id='word_1_64' title='bbox 443 1019 455 1041; x_wconf 79' lang='grc'>,</span> <span class='ocrx_word' id='word_1_65' title='bbox 477 984 683 1045; x_wconf 84' lang='lat' dir='ltr'>ipsorum</span> <span class='ocrx_word' id='word_1_66' title='bbox 715 984 844 1040; x_wconf 78' lang='lat' dir='ltr'>sunt,</span> <span class='ocrx_word' id='word_1_67' title='bbox 878 985 959 1043; x_wconf 87' lang='lat' dir='ltr'>qui</span> <span class='ocrx_word' id='word_1_68' title='bbox 991 986 1179 1044; x_wconf 77' lang='lat' dir='ltr'>proprie</span> <span class='ocrx_word' id='word_1_69' title='bbox 1214 1002 1307 1032; x_wconf 86' lang='lat' dir='ltr'>una</span> <span class='ocrx_word' id='word_1_70' title='bbox 1333 998 1428 1031; x_wconf 84' lang='lat' dir='ltr'>arte</span> <span class='ocrx_word' id='word_1_71' title='bbox 1447 986 1507 1033; x_wconf 83' lang='lat' dir='ltr'>ad</span> 
     </span>
     <span class='ocr_line' id='line_1_12' title="bbox 244 1055 1508 1118; baseline 0 -15"><span class='ocrx_word' id='word_1_72' title='bbox 244 1058 514 1103; x_wconf 84' lang='lat' dir='ltr'>faciendum</span> <span class='ocrx_word' id='word_1_73' title='bbox 550 1057 656 1102; x_wconf 86' lang='lat' dir='ltr'>sunt</span> <span class='ocrx_word' id='word_1_74' title='bbox 694 1057 904 1101; x_wconf 86' lang='lat' dir='ltr'>instituti.</span> <span class='ocrx_word' id='word_1_75' title='bbox 940 1055 1075 1118; x_wconf 62' lang='lat' dir='ltr'>&gt;Ergo</span> <span class='ocrx_word' id='word_1_76' title='bbox 1108 1056 1207 1101; x_wconf 80' lang='lat' dir='ltr'>satis</span> <span class='ocrx_word' id='word_1_77' title='bbox 1243 1057 1434 1103; x_wconf 82' lang='lat' dir='ltr'>abunde</span> <span class='ocrx_word' id='word_1_78' title='bbox 1472 1060 1508 1103; x_wconf 79' lang='lat' dir='ltr'>is</span> 
     </span>
     <span class='ocr_line' id='line_1_13' title="bbox 244 1126 1506 1191; baseline 0 -16"><span class='ocrx_word' id='word_1_79' title='bbox 244 1131 432 1176; x_wconf 80' lang='lat' dir='ltr'>videtur</span> <span class='ocrx_word' id='word_1_80' title='bbox 464 1127 641 1185; x_wconf 79' lang='lat' dir='ltr'>fecisse,</span> <span class='ocrx_word' id='word_1_81' title='bbox 677 1130 758 1188; x_wconf 85' lang='lat' dir='ltr'>qui</span> <span class='ocrx_word' id='word_1_82' title='bbox 800 1143 859 1172; x_wconf 85' lang='lat' dir='ltr'>ex</span> <span class='ocrx_word' id='word_1_83' title='bbox 890 1127 1071 1189; x_wconf 76' lang='lat' dir='ltr'>singulis</span> <span class='ocrx_word' id='word_1_84' title='bbox 1108 1126 1326 1173; x_wconf 63' lang='lat' dir='ltr'>defirinis</span> <span class='ocrx_word' id='word_1_85' title='bbox 1357 1141 1506 1191; x_wconf 84' lang='lat' dir='ltr'>partes</span> 
     </span>
     <span class='ocr_line' id='line_1_14' title="bbox 244 1200 1504 1257; baseline -0.002 -10"><span class='ocrx_word' id='word_1_86' title='bbox 244 1203 285 1248; x_wconf 62' lang='grc' dir='ltr'>ἃ·</span> <span class='ocrx_word' id='word_1_87' title='bbox 312 1203 510 1247; x_wconf 82' lang='lat' dir='ltr'>rationes</span> <span class='ocrx_word' id='word_1_88' title='bbox 543 1218 701 1246; x_wconf 79' lang='lat' dir='ltr'>earum</span> <span class='ocrx_word' id='word_1_89' title='bbox 732 1200 1032 1245; x_wconf 79' lang='lat' dir='ltr'>mediocriter</span> <span class='ocrx_word' id='word_1_90' title='bbox 1061 1200 1202 1245; x_wconf 88' lang='lat' dir='ltr'>habet</span> <span class='ocrx_word' id='word_1_91' title='bbox 1231 1212 1389 1257; x_wconf 85' lang='lat' dir='ltr'>notas,</span> <span class='ocrx_word' id='word_1_92' title='bbox 1419 1216 1504 1245; x_wconf 85' lang='lat' dir='ltr'>eas-</span> 
     </span>
     <span class='ocr_line' id='line_1_15' title="bbox 243 1268 1504 1334; baseline 0 -15"><span class='ocrx_word' id='word_1_93' title='bbox 243 1291 339 1334; x_wconf 85' lang='lat' dir='ltr'>que</span> <span class='ocrx_word' id='word_1_94' title='bbox 367 1290 487 1333; x_wconf 85' lang='lat' dir='ltr'>quae</span> <span class='ocrx_word' id='word_1_95' title='bbox 517 1272 783 1317; x_wconf 74' lang='lat' dir='ltr'>necessariae</span> <span class='ocrx_word' id='word_1_96' title='bbox 814 1271 921 1316; x_wconf 85' lang='lat' dir='ltr'>sunt</span> <span class='ocrx_word' id='word_1_97' title='bbox 947 1270 1006 1315; x_wconf 87' lang='lat' dir='ltr'>ad</span> <span class='ocrx_word' id='word_1_98' title='bbox 1029 1268 1406 1318; x_wconf 62' lang='lat' dir='ltr'>architeffluram:</span> <span class='ocrx_word' id='word_1_99' title='bbox 1434 1275 1504 1320; x_wconf 84' lang='lat' dir='ltr'>uti</span> 
     </span>
     <span class='ocr_line' id='line_1_16' title="bbox 242 1345 1506 1408; baseline -0.001 -15"><span class='ocrx_word' id='word_1_100' title='bbox 242 1349 273 1392; x_wconf 88' lang='lat' dir='ltr'>fi</span> <span class='ocrx_word' id='word_1_101' title='bbox 300 1348 417 1408; x_wconf 84' lang='lat' dir='ltr'>quid</span> <span class='ocrx_word' id='word_1_102' title='bbox 455 1347 512 1391; x_wconf 87' lang='lat' dir='ltr'>de</span> <span class='ocrx_word' id='word_1_103' title='bbox 541 1347 607 1390; x_wconf 79' lang='lat' dir='ltr'>his</span> <span class='ocrx_word' id='word_1_104' title='bbox 640 1347 777 1391; x_wconf 77' lang='lat' dir='ltr'>rebus</span> <span class='ocrx_word' id='word_1_105' title='bbox 816 1346 854 1391; x_wconf 74' lang='lat' dir='ltr'>Sc</span> <span class='ocrx_word' id='word_1_106' title='bbox 889 1346 1065 1390; x_wconf 85' lang='lat' dir='ltr'>artibus</span> <span class='ocrx_word' id='word_1_107' title='bbox 1098 1345 1299 1391; x_wconf 87' lang='lat' dir='ltr'>iudicare</span> <span class='ocrx_word' id='word_1_108' title='bbox 1332 1346 1373 1391; x_wconf 79' lang='lat' dir='ltr'>Sc</span> <span class='ocrx_word' id='word_1_109' title='bbox 1394 1364 1506 1407; x_wconf 83' lang='lat' dir='ltr'>pro-</span> 
     </span>
     <span class='ocr_line' id='line_1_17' title="bbox 242 1418 1501 1480; baseline -0.002 -15"><span class='ocrx_word' id='word_1_110' title='bbox 242 1420 353 1466; x_wconf 85' lang='lat' dir='ltr'>bare</span> <span class='ocrx_word' id='word_1_111' title='bbox 383 1436 500 1480; x_wconf 84' lang='lat' dir='ltr'>opus</span> <span class='ocrx_word' id='word_1_112' title='bbox 529 1418 699 1474; x_wconf 78' lang='lat' dir='ltr'>fuerit,</span> <span class='ocrx_word' id='word_1_113' title='bbox 737 1434 796 1464; x_wconf 87' lang='lat' dir='ltr'>ne</span> <span class='ocrx_word' id='word_1_114' title='bbox 837 1418 1142 1474; x_wconf 76' lang='lat' dir='ltr'>destituatur,</span> <span class='ocrx_word' id='word_1_115' title='bbox 1189 1421 1263 1463; x_wconf 87' lang='lat' dir='ltr'>vel</span> <span class='ocrx_word' id='word_1_116' title='bbox 1304 1419 1501 1464; x_wconf 80' lang='lat' dir='ltr'>deficiat.</span> 
     </span>
     <span class='ocr_line' id='line_1_18' title="bbox 242 1489 1503 1560; baseline -0.002 -23"><span class='ocrx_word' id='word_1_117' title='bbox 242 1494 435 1560; x_wconf 67' lang='lat' dir='ltr'>Quibus</span> <span class='ocrx_word' id='word_1_118' title='bbox 477 1508 586 1535; x_wconf 80' lang='lat' dir='ltr'>vero</span> <span class='ocrx_word' id='word_1_119' title='bbox 629 1502 791 1534; x_wconf 81' lang='lat' dir='ltr'>natura</span> <span class='ocrx_word' id='word_1_120' title='bbox 836 1501 1025 1535; x_wconf 82' lang='lat' dir='ltr'>tantum</span> <span class='ocrx_word' id='word_1_121' title='bbox 1061 1490 1227 1534; x_wconf 78' lang='lat' dir='ltr'>tribuit</span> <span class='ocrx_word' id='word_1_122' title='bbox 1262 1489 1503 1546; x_wconf 78' lang='lat' dir='ltr'>solertiae,</span> 
     </span>
     <span class='ocr_line' id='line_1_19' title="bbox 242 1561 1501 1623; baseline -0.002 -15"><span class='ocrx_word' id='word_1_123' title='bbox 242 1565 494 1618; x_wconf 77' lang='lat' dir='ltr'>acuminis,</span> <span class='ocrx_word' id='word_1_124' title='bbox 527 1562 779 1606; x_wconf 78' lang='lat' dir='ltr'>memoriae</span> <span class='ocrx_word' id='word_1_125' title='bbox 801 1595 813 1616; x_wconf 85' lang='grc'>,</span> <span class='ocrx_word' id='word_1_126' title='bbox 858 1573 913 1606; x_wconf 86' lang='lat' dir='ltr'>ut</span> <span class='ocrx_word' id='word_1_127' title='bbox 949 1561 1119 1622; x_wconf 80' lang='lat' dir='ltr'>poffint</span> <span class='ocrx_word' id='word_1_128' title='bbox 1155 1562 1459 1623; x_wconf 79' lang='lat' dir='ltr'>geometriam</span> <span class='ocrx_word' id='word_1_129' title='bbox 1487 1595 1501 1617; x_wconf 90' lang='lat'>,</span> 
     </span>
     <span class='ocr_line' id='line_1_20' title="bbox 242 1633 1502 1697; baseline -0.002 -17"><span class='ocrx_word' id='word_1_130' title='bbox 242 1637 555 1697; x_wconf 73' lang='lat' dir='ltr'>astrologiam,</span> <span class='ocrx_word' id='word_1_131' title='bbox 586 1634 816 1690; x_wconf 79' lang='lat' dir='ltr'>musicen,</span> <span class='ocrx_word' id='word_1_132' title='bbox 846 1645 1109 1693; x_wconf 73' lang='lat' dir='ltr'>ceterasque</span> <span class='ocrx_word' id='word_1_133' title='bbox 1143 1633 1400 1693; x_wconf 76' lang='lat' dir='ltr'>disciplinas</span> <span class='ocrx_word' id='word_1_134' title='bbox 1424 1649 1502 1694; x_wconf 84' lang='lat' dir='ltr'>pe-</span> 
     </span>
     <span class='ocr_line' id='line_1_21' title="bbox 240 1707 1502 1767; baseline -0.002 -13"><span class='ocrx_word' id='word_1_135' title='bbox 240 1710 366 1754; x_wconf 75' lang='lat' dir='ltr'>nitus</span> <span class='ocrx_word' id='word_1_136' title='bbox 399 1709 571 1753; x_wconf 83' lang='lat' dir='ltr'>habere</span> <span class='ocrx_word' id='word_1_137' title='bbox 601 1720 732 1752; x_wconf 79' lang='lat' dir='ltr'>notas</span> <span class='ocrx_word' id='word_1_138' title='bbox 751 1742 763 1763; x_wconf 85' lang='lat'>‚</span> <span class='ocrx_word' id='word_1_139' title='bbox 801 1717 1101 1767; x_wconf 83' lang='lat' dir='ltr'>praetereunt</span> <span class='ocrx_word' id='word_1_140' title='bbox 1130 1707 1278 1751; x_wconf 82' lang='lat' dir='ltr'>officia</span> <span class='ocrx_word' id='word_1_141' title='bbox 1307 1708 1502 1752; x_wconf 84' lang='lat' dir='ltr'>archite-</span> 
     </span>
     <span class='ocr_line' id='line_1_22' title="bbox 241 1778 1502 1839; baseline 0 -14"><span class='ocrx_word' id='word_1_142' title='bbox 241 1778 451 1834; x_wconf 63' lang='lat' dir='ltr'>&amp;orum‚</span> <span class='ocrx_word' id='word_1_143' title='bbox 491 1781 531 1824; x_wconf 68' lang='lat' dir='ltr'>gc</span> <span class='ocrx_word' id='word_1_144' title='bbox 560 1779 823 1824; x_wconf 83' lang='lat' dir='ltr'>efficiuntur</span> <span class='ocrx_word' id='word_1_145' title='bbox 860 1779 1190 1824; x_wconf 80' lang='lat' dir='ltr'>mathematici.</span> <span class='ocrx_word' id='word_1_146' title='bbox 1239 1779 1404 1839; x_wconf 85' lang='lat' dir='ltr'>Itaque</span> <span class='ocrx_word' id='word_1_147' title='bbox 1436 1780 1502 1825; x_wconf 82' lang='lat' dir='ltr'>fa-</span> 
     </span>
     <span class='ocr_line' id='line_1_23' title="bbox 239 1851 1496 1911; baseline -0.001 -15"><span class='ocrx_word' id='word_1_148' title='bbox 239 1852 387 1897; x_wconf 79' lang='lat' dir='ltr'>ciliter</span> <span class='ocrx_word' id='word_1_149' title='bbox 421 1864 582 1897; x_wconf 82' lang='lat' dir='ltr'>contra</span> <span class='ocrx_word' id='word_1_150' title='bbox 617 1869 687 1896; x_wconf 84' lang='lat' dir='ltr'>eas</span> <span class='ocrx_word' id='word_1_151' title='bbox 720 1852 977 1911; x_wconf 70' lang='lat' dir='ltr'>disciplinas</span> <span class='ocrx_word' id='word_1_152' title='bbox 1010 1851 1243 1911; x_wconf 84' lang='lat' dir='ltr'>disputare</span> <span class='ocrx_word' id='word_1_153' title='bbox 1270 1851 1459 1911; x_wconf 78' lang='lat' dir='ltr'>poffunt</span> <span class='ocrx_word' id='word_1_154' title='bbox 1483 1885 1496 1906; x_wconf 84' lang='lat'>,</span> 
     </span>
     <span class='ocr_line' id='line_1_24' title="bbox 240 1922 1494 1984; baseline -0.001 -16"><span class='ocrx_word' id='word_1_155' title='bbox 240 1925 377 1983; x_wconf 85' lang='lat' dir='ltr'>quod</span> <span class='ocrx_word' id='word_1_156' title='bbox 416 1925 627 1984; x_wconf 82' lang='lat' dir='ltr'>pluribus</span> <span class='ocrx_word' id='word_1_157' title='bbox 661 1925 761 1969; x_wconf 79' lang='lat' dir='ltr'>telis</span> <span class='ocrx_word' id='word_1_158' title='bbox 796 1924 1142 1983; x_wconf 71' lang='lat' dir='ltr'>disciplinarum</span> <span class='ocrx_word' id='word_1_159' title='bbox 1181 1922 1288 1967; x_wconf 87' lang='lat' dir='ltr'>sunt</span> <span class='ocrx_word' id='word_1_160' title='bbox 1321 1924 1494 1968; x_wconf 81' lang='lat' dir='ltr'>armati.</span> 
     </span>
     <span class='ocr_line' id='line_1_25' title="bbox 238 1995 1497 2054; baseline -0.002 -12"><span class='ocrx_word' id='word_1_161' title='bbox 238 1997 304 2042; x_wconf 90' lang='lat' dir='ltr'>Hi</span> <span class='ocrx_word' id='word_1_162' title='bbox 333 2011 491 2041; x_wconf 87' lang='lat' dir='ltr'>autem</span> <span class='ocrx_word' id='word_1_163' title='bbox 523 1997 829 2042; x_wconf 84' lang='lat' dir='ltr'>inveniuntur</span> <span class='ocrx_word' id='word_1_164' title='bbox 860 2013 983 2050; x_wconf 68' lang='lat' dir='ltr'>raro,</span> <span class='ocrx_word' id='word_1_165' title='bbox 1020 2008 1072 2040; x_wconf 89' lang='lat' dir='ltr'>ut</span> <span class='ocrx_word' id='word_1_166' title='bbox 1106 1995 1361 2054; x_wconf 83' lang='lat' dir='ltr'>aliquando</span> <span class='ocrx_word' id='word_1_167' title='bbox 1397 1995 1497 2040; x_wconf 84' lang='lat' dir='ltr'>fue-</span> 
     </span>
     <span class='ocr_line' id='line_1_26' title="bbox 236 2065 1496 2127; baseline 0 -15"><span class='ocrx_word' id='word_1_168' title='bbox 236 2078 348 2112; x_wconf 86' lang='lat' dir='ltr'>runt</span> <span class='ocrx_word' id='word_1_169' title='bbox 380 2067 655 2112; x_wconf 77' lang='lat' dir='ltr'>Aristarchus</span> <span class='ocrx_word' id='word_1_170' title='bbox 687 2067 867 2111; x_wconf 79' lang='lat' dir='ltr'>Samius</span> <span class='ocrx_word' id='word_1_171' title='bbox 893 2101 906 2121; x_wconf 73' lang='lat'>‚</span> <span class='ocrx_word' id='word_1_172' title='bbox 946 2066 1180 2111; x_wconf 81' lang='lat' dir='ltr'>Philolaus</span> <span class='ocrx_word' id='word_1_173' title='bbox 1205 2066 1245 2112; x_wconf 68' lang='lat'>8&lt;</span> <span class='ocrx_word' id='word_1_174' title='bbox 1273 2065 1496 2127; x_wconf 70' lang='lat' dir='ltr'>Archytas</span> 
     </span>
     <span class='ocr_line' id='line_1_27' title="bbox 235 2138 1494 2200; baseline 0 -16"><span class='ocrx_word' id='word_1_175' title='bbox 235 2139 509 2195; x_wconf 80' lang='lat' dir='ltr'>Tarentini,</span> <span class='ocrx_word' id='word_1_176' title='bbox 556 2140 835 2200; x_wconf 80' lang='lat' dir='ltr'>Apollonius</span> <span class='ocrx_word' id='word_1_177' title='bbox 875 2141 1129 2200; x_wconf 76' lang='lat' dir='ltr'>Pergaeus,</span> <span class='ocrx_word' id='word_1_178' title='bbox 1178 2138 1494 2184; x_wconf 75' lang='lat' dir='ltr'>Eratosthenes</span> 
     </span>
     <span class='ocr_line' id='line_1_28' title="bbox 234 2211 1493 2272; baseline -0.001 -16"><span class='ocrx_word' id='word_1_179' title='bbox 234 2211 524 2272; x_wconf 81' lang='lat' dir='ltr'>Cyrenaeus,</span> <span class='ocrx_word' id='word_1_180' title='bbox 563 2211 866 2256; x_wconf 83' lang='lat' dir='ltr'>Archimedes</span> <span class='ocrx_word' id='word_1_181' title='bbox 892 2211 933 2256; x_wconf 62' lang='lat'>&amp;³</span> <span class='ocrx_word' id='word_1_182' title='bbox 955 2211 1175 2271; x_wconf 81' lang='lat' dir='ltr'>Scopinas</span> <span class='ocrx_word' id='word_1_183' title='bbox 1208 2212 1267 2255; x_wconf 90' lang='lat' dir='ltr'>ab</span> <span class='ocrx_word' id='word_1_184' title='bbox 1295 2211 1493 2271; x_wconf 85' lang='lat' dir='ltr'>Syracu-</span> 
     </span>
     <span class='ocr_line' id='line_1_29' title="bbox 237 2283 1493 2346; baseline 0.001 -20"><span class='ocrx_word' id='word_1_185' title='bbox 237 2283 320 2339; x_wconf 83' lang='lat' dir='ltr'>fis,</span> <span class='ocrx_word' id='word_1_186' title='bbox 367 2286 451 2343; x_wconf 85' lang='lat' dir='ltr'>qui</span> <span class='ocrx_word' id='word_1_187' title='bbox 489 2286 660 2329; x_wconf 72' lang='lat' dir='ltr'>multas</span> <span class='ocrx_word' id='word_1_188' title='bbox 705 2299 772 2328; x_wconf 84' lang='lat' dir='ltr'>res</span> <span class='ocrx_word' id='word_1_189' title='bbox 812 2284 1042 2346; x_wconf 77' lang='lat' dir='ltr'>organicas</span> <span class='ocrx_word' id='word_1_190' title='bbox 1082 2284 1123 2329; x_wconf 79' lang='lat' dir='ltr'>8c</span> <span class='ocrx_word' id='word_1_191' title='bbox 1158 2284 1493 2346; x_wconf 79' lang='lat' dir='ltr'>gnomonicas,</span> 
     </span>
     <span class='ocr_line' id='line_1_30' title="bbox 232 2355 1490 2414; baseline -0.001 -16"><span class='ocrx_word' id='word_1_192' title='bbox 232 2370 434 2400; x_wconf 88' lang='lat' dir='ltr'>numero</span> <span class='ocrx_word' id='word_1_193' title='bbox 471 2355 856 2414; x_wconf 78' lang='lat' dir='ltr'>naturalibusque</span> <span class='ocrx_word' id='word_1_194' title='bbox 892 2355 1150 2400; x_wconf 81' lang='lat' dir='ltr'>rationibus</span> <span class='ocrx_word' id='word_1_195' title='bbox 1185 2356 1392 2399; x_wconf 79' lang='lat' dir='ltr'>inventas</span> <span class='ocrx_word' id='word_1_196' title='bbox 1421 2365 1490 2398; x_wconf 85' lang='lat' dir='ltr'>at-</span> 
     </span>
     <span class='ocr_line' id='line_1_31' title="bbox 230 2427 1491 2489; baseline 0.002 -19"><span class='ocrx_word' id='word_1_197' title='bbox 230 2444 327 2487; x_wconf 87' lang='lat' dir='ltr'>que</span> <span class='ocrx_word' id='word_1_198' title='bbox 357 2430 624 2488; x_wconf 80' lang='lat' dir='ltr'>explicatas,</span> <span class='ocrx_word' id='word_1_199' title='bbox 653 2428 841 2488; x_wconf 80' lang='lat' dir='ltr'>posteris</span> <span class='ocrx_word' id='word_1_200' title='bbox 874 2427 1184 2487; x_wconf 84' lang='lat' dir='ltr'>reliquerunt.</span> <span class='ocrx_word' id='word_1_201' title='bbox 1220 2428 1347 2473; x_wconf 89' lang='lat' dir='ltr'>Cum</span> <span class='ocrx_word' id='word_1_202' title='bbox 1382 2444 1491 2489; x_wconf 79' lang='lat' dir='ltr'>ergo</span> 
     </span>
     <span class='ocr_line' id='line_1_32' title="bbox 233 2499 1492 2564; baseline 0 -20"><span class='ocrx_word' id='word_1_203' title='bbox 233 2500 336 2544; x_wconf 84' lang='lat' dir='ltr'>talia</span> <span class='ocrx_word' id='word_1_204' title='bbox 368 2501 551 2564; x_wconf 70' lang='lat' dir='ltr'>ingenia</span> <span class='ocrx_word' id='word_1_205' title='bbox 577 2518 602 2545; x_wconf 85' lang='lat' dir='ltr'>a</span> <span class='ocrx_word' id='word_1_206' title='bbox 630 2501 829 2545; x_wconf 81' lang='lat' dir='ltr'>naturali</span> <span class='ocrx_word' id='word_1_207' title='bbox 854 2500 1031 2547; x_wconf 76' lang='lat' dir='ltr'>solertia</span> <span class='ocrx_word' id='word_1_208' title='bbox 1060 2516 1161 2548; x_wconf 85' lang='lat' dir='ltr'>non</span> <span class='ocrx_word' id='word_1_209' title='bbox 1188 2499 1347 2560; x_wconf 84' lang='lat' dir='ltr'>paffim</span> <span class='ocrx_word' id='word_1_210' title='bbox 1377 2514 1492 2545; x_wconf 82' lang='lat' dir='ltr'>cun-</span> 
     </span>
    </p>
   </div>
  </div>
 </body>
</html>
