1600 2902
113 1115 213 1166 ¹674

119 1383 216 1424 1681

116 1597 216 1647 1684

122 2079 218 2131 ¹548

123 2575 219 2614 ¹575

261 252 347 300 DE
380 251 446 297 M.
482 250 802 297 VITRUVIO
836 250 1174 296 POLLIONE.
1225 265 1373 300 xxxv

263 364 398 404 tione:
425 364 465 403 Je
490 378 530 402 ne
546 364 623 414 fitis
648 365 748 415 point
775 362 930 414 d'excuse
952 365 990 402 de
1014 365 1051 402 la
1077 363 1191 403 liberte'
1215 379 1276 415 que
1292 363 1374 414 j’ay

260 419 349 472 prise
371 421 410 456 de
430 419 576 470 changer
599 420 645 456 lcs
668 418 809 469 plzmfi’s
826 440 848 446 -
861 440 883 446 -
900 417 1016 469 -j'ay
1029 416 1104 468 fizit
1121 419 1271 470 consister
1285 430 1376 455 toute

264 474 303 511 la
322 473 449 522 fidelitd
468 487 530 523 que
544 471 581 524 je
606 472 683 510 dois
705 473 726 509 ci
749 486 827 509 mon
853 483 1000 516 auteur,
1021 487 1089 509 non
1105 487 1173 524 pas
1191 488 1214 509 a
1235 471 1379 522 mesurer

264 530 466 565 exaHement
487 539 554 564 mes
573 539 639 577 pas
657 525 722 575 sur
752 526 801 563 les
816 526 910 574 fiens
924 554 937 570 ,
961 526 1048 564 mais
1071 540 1094 564 a
1117 526 1149 563 le
1163 525 1279 576 suivre
1293 525 1374 576 fhi-

262 579 478 632 gneusemetzt
504 581 547 617 oia
575 579 604 618 il
627 595 687 617 va.
724 579 882 630 Nempe
910 578 1060 628 stylus,
1090 592 1172 631 quo
1199 579 1294 619 usus
1322 577 1377 618 est

263 634 505 672 Perraulrius
529 634 568 671 in
592 631 745 671 Gallica
769 630 978 678 verslone,
1005 632 1140 672 habita
1169 633 1289 672 etiam
1313 646 1377 672 ra-

264 688 376 726 tione
392 687 494 740 genii
511 692 582 737 (ut
596 685 844 737 loquuntur)
861 676 1037 724 Gallicae
1057 687 1238 739 linguae,
1255 688 1379 739 magis

266 753 432 780 ornatus
466 742 506 780 &
536 738 718 790 copiosus
748 738 828 786 est,
865 739 993 778 minus
1025 753 1125 779 vero
1159 739 1307 793 preffus
1336 741 1378 780 δε

265 795 419 846 gravis,
442 806 558 846 quam
581 793 744 832 Latinus
766 792 947 832 Vitruvii
969 793 1104 844 stylus.
1133 794 1244 834 Inter
1265 807 1379 847 prae-

267 848 511 887 stantissimas
534 858 665 887 autem
682 846 861 886 Vitruvii
880 846 1231 899 interpretationes
1247 860 1381 887 nume-

267 902 389 941 randa
417 901 471 940 est
494 900 696 940 Perraultii
725 900 884 948 verfio,
911 901 1159 953 multumque
1183 902 1231 941 ad
1260 902 1379 941 intel-

269 955 469 1007 ligentiam
488 955 750 994 difficilimum
766 953 945 994 locorum
963 953 1180 994 conferunt
1198 957 1378 995 eruditae

267 1009 352 1048 eius
377 1009 685 1049 Annotationes.
727 1008 895 1062 Figurae
920 1008 960 1047 in
988 1008 1060 1048 hac
1086 1010 1262 1049 editione
1289 1009 1379 1050 sunt

265 1063 548 1116 perelegantes.

269 1116 427 1170 Abrege
452 1118 519 1156 des
543 1117 606 1155 dix
631 1115 751 1156 livres
776 1116 1096 1157 d'ArchiteGlure
1118 1118 1168 1157 de
1188 1118 1376 1158 Vitruve.

268 1171 366 1223 (par
385 1172 511 1209 Claude
539 1171 737 1223 Perrault.)
764 1172 800 1210 A
824 1170 950 1219 Paris,
973 1172 1068 1211 chez
1089 1173 1185 1212 Jean
1205 1172 1381 1226 Baptiste

266 1224 482 1275 Coignard.
514 1228 625 1273 1674.
659 1239 718 1263 12.
746 1237 779 1264 c.
808 1224 899 1277 figg.
927 1246 982 1256 --
1006 1226 1063 1265 Ex
1088 1226 1162 1266 hac
1187 1227 1249 1265 ed.
1278 1226 1381 1277 (levi

268 1277 472 1317 dumtaxat
497 1277 596 1316 faeta
623 1278 728 1318 tituli
754 1279 1002 1332 mutatione)
1034 1279 1214 1320 desumta
1239 1281 1294 1319 est
1320 1281 1380 1320 ed.

270 1329 455 1382 sequens:

271 1385 550 1425 ArchiteRure
560 1386 745 1437 generale
759 1385 807 1424 de
821 1386 993 1427 Vitruve
1007 1387 1162 1427 reduite
1176 1399 1225 1426 en
1240 1386 1383 1440 abrege

273 1451 343 1491 par
370 1439 445 1479 Mr.
467 1441 634 1479 Perrault.
667 1440 864 1479 Derniere
892 1439 1043 1479 edition
1073 1441 1248 1481 enricbie
1268 1441 1316 1479 de
1337 1441 1384 1479 fi-

274 1505 392 1544 gures
412 1506 461 1532 en
479 1494 632 1532 cuivre.
656 1493 925 1541 Amsterdam,
947 1508 1024 1534 aux
1041 1494 1189 1546 clepens
1207 1496 1274 1534 des
1291 1497 1384 1536 Hu-

273 1558 443 1597 guetan‚
465 1547 505 1586 δι
523 1546 562 1585 se
577 1547 681 1586 vend
699 1548 792 1587 chez
806 1547 969 1600 George
985 1548 1130 1588 Callet.
1153 1549 1261 1588 1681.
1286 1562 1347 1589 12.

271 1599 347 1639 Les
373 1601 438 1640 dix
462 1600 603 1641 Livres
630 1601 948 1642 d'ArchiteElure
976 1602 1024 1642 de
1052 1602 1226 1642 Vitruve
1251 1603 1382 1642 corri—

272 1667 341 1706 gez
361 1655 399 1694 δι
421 1655 587 1694 traduits
607 1655 906 1695 nouvellement
926 1668 974 1695 en
994 1656 1182 1708 Franqois
1198 1670 1297 1697 avec
1315 1657 1385 1697 des

272 1708 400 1748 Notes
416 1708 456 1748 δι
470 1709 539 1748 des
553 1708 711 1761 figures.
744 1709 927 1749 Seconde
949 1710 1099 1750 edition
1123 1723 1273 1758 revue,
1295 1724 1384 1749 cor-

273 1761 404 1811 rige'e‚
425 1763 466 1802 δι
487 1763 734 1816 augmentee.
766 1763 837 1804 Par
855 1765 931 1803 Mr.
957 1765 1115 1803 Perrault
1135 1765 1182 1803 de
1200 1765 1386 1804 l'Acade-

276 1817 352 1854 mie
379 1817 520 1867 royale
547 1819 613 1857 des
639 1817 820 1857 Sciences
846 1819 910 1857 eac.
949 1819 983 1857 A
1008 1818 1136 1866 Paris,
1167 1819 1263 1858 chez
1286 1820 1384 1858 Jean

275 1870 386 1923 Bapt.
400 1870 613 1924 Coignard.
632 1870 743 1920 1684.
759 1870 824 1911 fol.
840 1873 928 1911 mai.
942 1894 996 1903 —
1007 1872 1213 1926 Splendida
1230 1874 1365 1912 editio.

434 1997 1052 2039 GERMANICAE.

272 2081 489 2121 Vitruvius
509 2082 684 2122 Teusch.
707 2083 815 2123 Alles
837 2085 906 2122 mit
929 2083 1114 2123 schoenen
1135 2083 1384 2126 kiinstlichen

275 2134 442 2187 Figuren
460 2137 536 2174 und
553 2137 830 2189 Antiquiteten
846 2169 856 2185 ‚
877 2138 956 2177 und
973 2136 1242 2178 sonderlichen
1261 2141 1385 2179 (Tom-

277 2190 491 2228 mentarien
509 2203 557 2228 zu
574 2191 792 2230 mehrerem
809 2191 967 2230 Bericht
983 2192 1062 2230 und
1077 2191 1262 2232 befferem
1278 2194 1385 2234 Ver-

274 2240 378 2280 stand
400 2245 570 2295 gezieret
590 2244 669 2283 und
690 2245 887 2283 erklaeret.
920 2245 1062 2284 Dutch
1084 2245 1136 2283 D.
1160 2247 1384 2287 G'ualtherum

278 2297 330 2332 H.
348 2298 503 2336 Rivium.
521 2298 668 2337 Medic.
683 2299 723 2338 8<
739 2299 930 2338 Mathem.
949 2299 1135 2338 Vormals
1152 2300 1190 2337 in
1205 2301 1384 2340 teutsche

280 2348 426 2399 Sprach
456 2365 503 2390 zu
535 2351 790 2391 transferiren
821 2353 926 2392 noch
956 2366 1041 2392 von
1072 2353 1253 2392 niemand
1282 2354 1385 2395 sonst

280 2403 590 2451 understanden‚
617 2405 781 2445 sondern
807 2406 868 2446 fur
897 2407 1173 2458 unmiiglichen
1198 2410 1384 2460 geachtet

280 2457 455 2495 worden.
487 2458 544 2496 Zu
563 2458 774 2512 Niirnberg
791 2462 944 2500 truckts
961 2462 1089 2500 Johan
1108 2460 1294 2502 Petreius.
1312 2463 1381 2502 fol.

277 2521 309 2547 c.
331 2509 419 2559 figg.
437 2510 484 2547 ab
502 2511 673 2549 Erhardo
688 2513 831 2552 Sclioen
848 2514 955 2565 ligno
973 2513 1110 2553 incisis.
1135 2517 1290 2568 Repetita

279 2563 466 2603 Bafileae.
485 2563 554 2602 fol.
575 2567 678 2617 apud
697 2566 844 2606 Sebast.
866 2568 1113 2620 Henricpcti.
1133 2570 1168 2607 δ’

1044 2643 1117 2669 c2
