1600 2902
291 136 314 186 3
326 137 385 185 30
542 120 607 166 M.
641 120 935 167 VITRUVII
968 121 1255 169 POLLION
1259 119 1310 167 IS

289 231 439 276 fuerat
469 228 613 274 millia
642 222 806 288 pondo
833 240 1007 273 CCCLx.
1053 229 1179 274 Cum
1209 240 1366 275 autem
1390 227 1556 273 Callias

287 310 528 363 rogaretur
560 317 583 345 a
611 298 804 344 Rhodiis
824 333 837 354 ,
874 310 928 343 ut
959 311 1121 344 contra
1155 317 1256 345 eam
1293 300 1551 360 helepolim

286 374 551 419 machinam
578 383 758 432 pararet
775 405 787 427 ‚
822 371 861 416 843
889 371 1017 417 illam
1043 373 1140 432 (uti
1169 373 1403 431 pollicitus
1428 373 1552 432 erat)

286 445 548 490 transferret
585 444 704 488 intra
739 460 964 498 murum,
1012 443 1199 506 negavit
1247 442 1381 503 poffe.
1441 443 1552 487 Non

285 517 414 562 enim
448 516 607 561 omnia
630 515 812 569 ,eisdem
844 514 1099 559 rationibus
1119 515 1190 576 agi
1212 513 1427 573 poffunt:
1466 514 1549 559 sed

284 589 395 635 sunt
424 589 607 649 aliqua,
657 604 779 649 quae
812 588 1157 649 exemplaribus
1198 603 1297 633 non
1340 589 1552 650 magnis,

284 663 491 709 fimiliter
522 680 688 726 magna
723 659 836 708 facta
877 664 1053 708 habent
1085 659 1305 714 effe&us;
1352 663 1437 707 alia
1467 679 1551 706 au-

285 747 383 782 tem
417 737 699 798 exemplaria
719 752 816 782 non
836 736 1025 797 possunt
1048 735 1217 782 habere
1235 771 1247 791 ,
1293 735 1372 780 sed
1402 751 1485 796 per
1507 735 1553 780 se

283 811 648 856 constituuntur.
705 810 950 856 Nonnulla
992 826 1103 855 vero
1152 811 1287 865 sunt,
1335 826 1455 868 quae
1501 809 1551 854 in

285 885 632 944 exemplaribus
660 884 884 929 videntur
922 884 1204 940 verisimilia,
1245 900 1355 928 curn
1389 894 1551 928 autem

283 956 483 1002 crescere
517 968 810 1018 coeperunt,
844 956 1154 1012 dilabuntur,
1192 966 1246 999 ut
1276 955 1416 1001 etiam
1448 954 1552 1015 pos-

236 1052 240 1055 >
283 1028 439 1073 sumus
473 1029 582 1074 hinc
612 1030 827 1074 animum
861 1028 1115 1074 advertere.
1161 1028 1444 1073 Terebratur
1478 1039 1552 1072 te-

284 1100 421 1145 rebra
451 1100 663 1147 foramen
699 1101 1036 1165 semidigitale,
1073 1101 1289 1165 digitale‚
1324 1100 1553 1160 sesquidi-

283 1171 448 1233 gitale:
485 1174 515 1218 fi
537 1175 705 1219 eadem
733 1175 911 1220 ratione
939 1173 1228 1220 voluerimus
1258 1175 1460 1234 palmare
1488 1172 1552 1219 fa·-

284 1262 414 1302 cere‚
440 1263 539 1292 non
569 1249 710 1293 habet
731 1248 1095 1308 explicationem
1118 1264 1129 1302 3
1164 1246 1448 1306 semipedale
1467 1263 1551 1291 au-

282 1336 384 1366 rern
431 1321 610 1378 maius,
653 1338 712 1369 ne
756 1322 1061 1385 cogitandum
1114 1321 1311 1381 quidem
1360 1320 1550 1366 videtur

286 1396 498 1440 omnino.
537 1395 610 1441 Sic
640 1395 755 1441 item
784 1396 1199 1456 quemadmodum
1233 1395 1281 1439 in
1310 1393 1551 1440 nonnullis

284 1468 434 1526 parvis
455 1470 797 1528 exemplaribus
824 1465 997 1513 factum
1022 1479 1212 1527 apparet
1229 1501 1241 1521 ‚
1265 1467 1312 1511 in
1331 1482 1428 1510 non
1453 1467 1551 1511 val-

284 1539 344 1583 de
378 1539 554 1602 magnis
594 1540 691 1584 fieri
721 1539 848 1599 poffe
880 1540 1067 1584 videtur
1090 1573 1102 1595 ‚
1138 1555 1235 1583 non
1269 1551 1426 1583 tamen
1466 1555 1549 1582 eo-

286 1611 398 1656 dem
444 1610 592 1656 modo
632 1612 682 1655 in
727 1612 980 1656 maioribus
1028 1611 1078 1656 id
1122 1611 1344 1670 consequi
1383 1611 1548 1671 potest.

286 1684 416 1730 Haec
456 1701 566 1729 cum
602 1684 1027 1730 animadvertissent
1064 1684 1241 1729 Rhodii
1279 1684 1442 1729 eadem
1480 1700 1551 1730 ra·-

285 1759 417 1803 tione
468 1759 690 1819 decepti,
737 1758 821 1820 qui
868 1758 1083 1803 iniuriam
1119 1774 1228 1802 curn
1266 1757 1552 1802 contumelia

285 1834 527 1897 Diogneto
550 1835 750 1879 fecerant
768 1868 779 1889 ‚
800 1833 1101 1894 posteaquam
1124 1832 1347 1876 viderunt
1370 1831 1550 1876 hostem

283 1908 583 1968 pertinaciter
613 1907 858 1962 infestum,
890 1906 930 1951 Sc
966 1905 1361 1950 machinationem
1390 1902 1447 1946 ad
1477 1918 1549 1947 ca-

283 1979 508 2040 piendam
535 1979 700 2024 urbem
734 1988 1052 2038 comparatam
1072 2010 1085 2033 ‚
1116 1976 1377 2037 periculum
1412 1974 1550 2019 servi·-

286 2053 396 2098 tutis
433 2065 722 2108 metuente5‚
766 2052 806 2097 8c
837 2053 902 2096 nil
942 2051 1024 2096 nisi
1062 2049 1256 2096 civitatis
1293 2049 1548 2095 vastitatem

285 2125 644 2188 exspetlandam
666 2161 679 2183 ,
722 2125 1082 2186 procubuerunt
1105 2158 1118 2180 ,
1148 2123 1440 2186 Diognetum
1473 2140 1548 2167 ro·-

282 2211 439 2263 gantes
458 2234 470 2256 ‚
497 2210 548 2245 ut
577 2200 876 2245 auxiliaretur
912 2198 1095 2258 patriae.
1150 2197 1189 2240 Is
1216 2197 1373 2256 primo
1405 2212 1546 2258 nega-

282 2274 351 2316 vit
379 2273 423 2316 se
459 2267 722 2316 fafflurum:
762 2269 839 2314 sed
872 2270 1173 2329 posteaquam
1206 2269 1433 2330 ingenuae
1462 2265 1546 2310 vir-

282 2345 409 2407 gines
451 2345 492 2390 8c
525 2343 694 2404 ephebi
730 2358 837 2387 cum
870 2339 1186 2385 sacerdotibus
1217 2348 1450 2383 venerunt
1483 2335 1544 2380 ad

285 2417 636 2477 deprecandum
657 2450 673 2474 ‚
707 2428 822 2462 tunc
870 2416 933 2460 est
969 2413 1205 2474 pollicitus
1237 2412 1305 2457 his
1337 2409 1548 2475 legibus,
