1600 2902
263 151 358 201 300
483 133 552 180 M.
605 134 901 181 vmzuvn
933 135 1274 184 PoLuole

259 253 361 285 tans
382 272 395 293 ‚
425 239 571 283 versat
601 256 700 284 eam
725 239 1005 299 ampliffimis
1024 241 1065 286 Sc
1092 241 1375 287 immanibus
1398 256 1524 289 mer·

258 313 323 355 cis
352 311 395 357 8c
417 328 564 371 penus
598 312 890 372 ponderibus
918 325 1184 369 oneratam,
1218 315 1412 374 eiusque
1441 331 1521 360 ve-

259 387 306 431 la
335 401 444 430 curn
475 387 582 430 sunt
611 404 693 447 per
712 386 1010 432 altitudinem
1042 387 1243 431 mediam
1271 390 1380 433 mali
1403 405 1523 450 pen-

260 457 452 513 denua,
498 475 595 503 non
636 459 788 518 potest
823 459 994 503 habere
1033 458 1160 503 navis
1187 461 1382 505 celerem
1419 477 1523 506 cur-

257 530 391 575 sum:
424 548 532 576 cum
577 545 734 577 autem
769 533 817 577 in
861 531 1049 577 summo
1085 532 1326 577 cacumine
1357 545 1523 578 anten-

258 620 349 650 nae
366 603 619 652 subdufflae
647 607 781 660 sunt,
817 618 929 651 tunc
955 605 1296 650 vehementiori
1331 623 1523 669 progre-

261 678 390 723 ditur
411 680 593 741 impetu
616 715 628 736 ‚
661 680 794 740 quod
822 696 918 725 non
954 680 1170 740 proxime
1194 682 1366 725 calcem
1387 682 1524 737 mali,

260 753 396 813 quod
420 754 481 798 est
499 756 606 799 loco
639 756 817 810 centri,
844 754 924 799 sed
957 755 1005 798 in
1031 754 1215 800 summo
1247 756 1458 817 longius,
1481 753 1524 799 8c

260 826 323 870 ab
351 842 407 871 eo
427 826 652 888 progressa
673 829 908 888 recipiunt
936 829 983 873 in
1010 827 1052 872 se
1075 829 1174 872 vela
1198 840 1410 872 ventum.
1442 827 1527 871 Ita·-

261 912 359 956 que
389 898 455 942 uti
484 895 623 944 vestis
660 899 746 944 sub
780 915 923 944 onere
960 896 1219 955 subiecstus,
1258 899 1287 943 fi
1313 915 1398 959 per
1422 916 1524 943 rne-

259 968 393 1013 dium
424 973 680 1030 premitur,
724 972 883 1018 durior
921 972 1011 1027 est,
1058 988 1215 1031 neque
1257 972 1522 1028 incumbit3

262 1056 373 1085 cum
405 1055 565 1089 autem
604 1057 744 1104 caput
772 1045 868 1091 eius
887 1045 1124 1091 summum
1151 1045 1431 1100 deducitur,
1455 1044 1523 1089 fa-

262 1114 410 1160 enitet
435 1132 552 1161 onus
570 1118 778 1162 extollit:
803 1118 1010 1162 slmiliter
1028 1119 1129 1163 vela
1143 1152 1156 1173 ‚
1185 1133 1295 1163 cum
1313 1117 1420 1162 sunt
1437 1133 1525 1178 per

261 1187 477 1232 medium
498 1199 754 1249 temperata
773 1224 786 1245 ,
824 1190 1056 1235 minorem
1085 1190 1262 1235 habent
1281 1190 1521 1235 virtutem.

263 1260 402 1325 Quae
425 1273 583 1306 autern
613 1262 662 1305 in
695 1262 845 1321 capite
870 1263 980 1306 mali
1014 1261 1201 1307 summo
1233 1263 1522 1307 collocantur

261 1331 550 1378 discedentia
585 1335 767 1396 longius
798 1353 821 1379 a
853 1346 1045 1391 centro,
1081 1351 1180 1379 non
1208 1334 1409 1389 acriore,
1440 1333 1521 1378 sed

261 1406 430 1451 eodem
472 1407 584 1453 flatu
618 1410 845 1469 preffione
879 1411 1159 1467 cacuminis,
1197 1410 1522 1456 vehementius

258 1490 440 1539 cogunt
472 1481 689 1541 progredi
719 1497 902 1525 navem.
939 1481 1086 1526 Etiam
1117 1482 1232 1526 remi
1265 1482 1381 1526 circa
1410 1481 1521 1525 scal-

260 1566 365 1594 mos
393 1550 587 1609 strophis
622 1552 825 1613 religati,
867 1567 977 1596 cum
1018 1553 1235 1597 manibus
1264 1551 1520 1610 impellun-

261 1631 339 1665 tur
369 1621 410 1665 8(
442 1622 762 1679 reducuntur,
800 1624 1017 1668 extremis
1057 1622 1464 1685 progredientibus
1495 1640 1520 1669 a

259 1705 425 1739 centro
441 1696 669 1755 palmisin
696 1697 830 1740 maris
857 1696 997 1740 undis
1015 1730 1028 1750 ‚
1056 1697 1285 1740 summam
1312 1695 1520 1755 impulsu

260 1768 531 1813 vehementi
551 1769 840 1828 protrudunt
856 1765 1112 1828 porrefitam
1131 1785 1315 1823 navem,
1339 1769 1521 1813 secante

258 1859 400 1904 prora
425 1843 620 1903 liquoris
639 1845 883 1888 raritatem.
920 1844 1134 1888 Onerum
1167 1859 1278 1886 vero
1316 1843 1520 1887 maxima

260 1916 500 1974 pondera,
525 1933 631 1961 cum
658 1915 871 1959 feruntur
902 1933 926 1959 a
950 1915 1248 1977 phalangariis
1276 1917 1521 1974 hexapho-

262 1990 350 2044 ris,
381 1990 424 2035 8.·
455 1989 727 2048 tetraphoris
747 2022 758 2043 ‚
794 1988 1119 2032 examinantur
1143 2004 1223 2047 per
1242 1987 1333 2047 ipsa
1360 1988 1518 2033 media

261 2072 419 2105 centra
455 2061 815 2122 phahmgarum,
851 2061 919 2104 uti
959 2060 1137 2104 indivisi
1182 2059 1332 2104 oneris
1367 2059 1518 2104 solido

262 2133 476 2192 pondere
492 2168 505 2189 ⁷
537 2146 656 2178 certa
677 2132 879 2192 quadam
902 2132 1131 2176 divifionis
1149 2132 1327 2176 ratione
1350 2145 1520 2190 aequas

262 2218 415 2266 partes
433 2207 560 2251 collis
589 2206 750 2267 singuli
770 2203 917 2249 ferant
937 2204 1143 2263 operarii.
1179 2203 1364 2247 Mediae
1389 2202 1516 2246 enim

260 2292 411 2340 partes
430 2279 762 2341 phalangarum
780 2312 793 2333 7
824 2278 995 2336 quibus
1015 2279 1111 2320 lora
1138 2277 1516 2335 tetraphororum

260 2352 576 2406 invehuntur,
617 2350 752 2395 clavis
779 2350 885 2395 sunt
918 2350 1098 2404 finitae,
1143 2365 1203 2393 ne
1232 2348 1442 2392 labantur
1468 2345 1516 2389 in

263 2440 409 2472 unam
438 2426 514 2472 vel
545 2426 736 2470 alteram
760 2434 959 2485 partem.
996 2423 1120 2469 Cum
1154 2423 1280 2467 enim
1309 2429 1436 2465 extra
1462 2417 1519 2462 fi-
