<?xml version="1.0" encoding="UTF-8"?>
<!DOCTYPE html PUBLIC "-//W3C//DTD XHTML 1.0 Transitional//EN"
    "http://www.w3.org/TR/xhtml1/DTD/xhtml1-transitional.dtd">
<html xmlns="http://www.w3.org/1999/xhtml" xml:lang="en" lang="en">
 <head>
  <title>
</title>
<meta http-equiv="Content-Type" content="text/html;charset=utf-8" />
  <meta name='ocr-system' content='tesseract 3.04.00' />
  <meta name='ocr-capabilities' content='ocr_page ocr_carea ocr_par ocr_line ocrx_word'/>
</head>
<body>
  <div class='ocr_page' id='page_1' title='image "./mvitruviipollion00vitr/mvitruviipollion00vitr_0337.png"; bbox 0 0 1600 2902; ppageno 0'>
   <div class='ocr_carea' id='block_1_1' title="bbox 243 180 1343 257">
    <p class='ocr_par' dir='ltr' id='par_1_1' title="bbox 243 180 1343 257">
     <span class='ocr_line' id='line_1_1' title="bbox 243 180 1343 257; baseline 0.004 -18"><span class='ocrx_word' id='word_1_1' title='bbox 243 191 325 240; x_wconf 86' lang='lat' dir='ltr'>DE</span> <span class='ocrx_word' id='word_1_2' title='bbox 360 188 851 238; x_wconf 75' lang='lat' dir='ltr'>ARCHITECTURA</span> <span class='ocrx_word' id='word_1_3' title='bbox 885 191 994 237; x_wconf 76' lang='lat' dir='ltr'>Lm.</span> <span class='ocrx_word' id='word_1_4' title='bbox 1029 191 1114 238; x_wconf 76' lang='lat' dir='ltr'>rx.</span> <span class='ocrx_word' id='word_1_5' title='bbox 1213 202 1305 257; x_wconf 70' lang='lat'>271&#39;</span> <span class='ocrx_word' id='word_1_6' title='bbox 1339 180 1343 193; x_wconf 67' lang='lat'><em>⁴</em></span> 
     </span>
    </p>
   </div>
   <div class='ocr_carea' id='block_1_2' title="bbox 39 288 1311 1165">
    <p class='ocr_par' dir='ltr' id='par_1_2' title="bbox 39 288 1311 1165">
     <span class='ocr_line' id='line_1_2' title="bbox 40 288 1303 358; baseline -0.001 -14"><span class='ocrx_word' id='word_1_7' title='bbox 40 314 176 356; x_wconf 82' lang='lat' dir='ltr'>vam,</span> <span class='ocrx_word' id='word_1_8' title='bbox 207 288 522 344; x_wconf 79' lang='lat' dir='ltr'>breviffimum</span> <span class='ocrx_word' id='word_1_9' title='bbox 560 297 681 341; x_wconf 87' lang='lat' dir='ltr'>coeli</span> <span class='ocrx_word' id='word_1_10' title='bbox 720 297 946 357; x_wconf 85' lang='lat' dir='ltr'>percurrit</span> <span class='ocrx_word' id='word_1_11' title='bbox 974 297 1190 358; x_wconf 83' lang='lat' dir='ltr'>spatium.</span> <span class='ocrx_word' id='word_1_12' title='bbox 1233 298 1303 344; x_wconf 78' lang='lat' dir='ltr'>Ex</span> 
     </span>
     <span class='ocr_line' id='line_1_3' title="bbox 44 368 1306 422; baseline -0.001 -6"><span class='ocrx_word' id='word_1_13' title='bbox 44 387 100 416; x_wconf 90' lang='lat' dir='ltr'>eo</span> <span class='ocrx_word' id='word_1_14' title='bbox 128 386 154 414; x_wconf 87' lang='lat' dir='ltr'>a</span> <span class='ocrx_word' id='word_1_15' title='bbox 183 368 411 414; x_wconf 80' lang='lat' dir='ltr'>brevitate</span> <span class='ocrx_word' id='word_1_16' title='bbox 447 368 639 422; x_wconf 80' lang='lat' dir='ltr'>diurna,</span> <span class='ocrx_word' id='word_1_17' title='bbox 674 369 870 422; x_wconf 84' lang='lat' dir='ltr'>bruma,</span> <span class='ocrx_word' id='word_1_18' title='bbox 908 385 958 414; x_wconf 83' lang='lat' dir='ltr'>ac</span> <span class='ocrx_word' id='word_1_19' title='bbox 987 370 1081 414; x_wconf 84' lang='lat' dir='ltr'>dies</span> <span class='ocrx_word' id='word_1_20' title='bbox 1116 371 1306 415; x_wconf 81' lang='lat' dir='ltr'>bruma-</span> 
     </span>
     <span class='ocr_line' id='line_1_4' title="bbox 42 441 1307 502; baseline 0.001 -14"><span class='ocrx_word' id='word_1_21' title='bbox 42 444 105 489; x_wconf 83' lang='lat' dir='ltr'>les</span> <span class='ocrx_word' id='word_1_22' title='bbox 141 442 450 502; x_wconf 81' lang='lat' dir='ltr'>appellantur.</span> <span class='ocrx_word' id='word_1_23' title='bbox 491 441 527 485; x_wconf 90' lang='lat' dir='ltr'>E</span> <span class='ocrx_word' id='word_1_24' title='bbox 559 441 844 500; x_wconf 78' lang='lat' dir='ltr'>Capricorno</span> <span class='ocrx_word' id='word_1_25' title='bbox 885 453 1042 486; x_wconf 82' lang='lat' dir='ltr'>autem</span> <span class='ocrx_word' id='word_1_26' title='bbox 1085 445 1307 490; x_wconf 76' lang='lat' dir='ltr'>transiens</span> 
     </span>
     <span class='ocr_line' id='line_1_5' title="bbox 41 513 1309 579; baseline 0.002 -19"><span class='ocrx_word' id='word_1_27' title='bbox 41 516 90 560; x_wconf 89' lang='lat' dir='ltr'>in</span> <span class='ocrx_word' id='word_1_28' title='bbox 108 513 371 575; x_wconf 83' lang='lat' dir='ltr'><strong>Aquarium</strong></span> <span class='ocrx_word' id='word_1_29' title='bbox 386 547 398 569; x_wconf 94' lang='lat'>,</span> <span class='ocrx_word' id='word_1_30' title='bbox 426 514 630 577; x_wconf 76' lang='lat' dir='ltr'>adauget</span> <span class='ocrx_word' id='word_1_31' title='bbox 650 514 691 559; x_wconf 77' lang='lat' dir='ltr'>&amp;t</span> <span class='ocrx_word' id='word_1_32' title='bbox 717 528 946 575; x_wconf 76' lang='lat' dir='ltr'>exaequat</span> <span class='ocrx_word' id='word_1_33' title='bbox 965 515 1189 579; x_wconf 76' lang='lat' dir='ltr'>Sagittarii</span> <span class='ocrx_word' id='word_1_34' title='bbox 1210 521 1309 564; x_wconf 88' lang='lat' dir='ltr'>lon-</span> 
     </span>
     <span class='ocr_line' id='line_1_6' title="bbox 40 586 1307 654; baseline 0.004 -22"><span class='ocrx_word' id='word_1_35' title='bbox 40 587 257 650; x_wconf 84' lang='lat' dir='ltr'>gitudine</span> <span class='ocrx_word' id='word_1_36' title='bbox 282 588 374 633; x_wconf 88' lang='lat' dir='ltr'>diei</span> <span class='ocrx_word' id='word_1_37' title='bbox 407 587 621 648; x_wconf 85' lang='lat' dir='ltr'>spatium.</span> <span class='ocrx_word' id='word_1_38' title='bbox 661 586 738 641; x_wconf 81' lang='lat' dir='ltr'>Ab</span> <span class='ocrx_word' id='word_1_39' title='bbox 768 588 975 647; x_wconf 81' lang='lat' dir='ltr'>Aquario</span> <span class='ocrx_word' id='word_1_40' title='bbox 1001 606 1110 635; x_wconf 89' lang='lat' dir='ltr'>cum</span> <span class='ocrx_word' id='word_1_41' title='bbox 1136 592 1307 654; x_wconf 77' lang='lat' dir='ltr'>ingres-</span> 
     </span>
     <span class='ocr_line' id='line_1_7' title="bbox 39 660 1308 725; baseline 0.005 -19"><span class='ocrx_word' id='word_1_42' title='bbox 39 660 112 706; x_wconf 84' lang='lat' dir='ltr'>sus</span> <span class='ocrx_word' id='word_1_43' title='bbox 149 660 213 705; x_wconf 88' lang='lat' dir='ltr'>est</span> <span class='ocrx_word' id='word_1_44' title='bbox 259 660 308 706; x_wconf 87' lang='lat' dir='ltr'>in</span> <span class='ocrx_word' id='word_1_45' title='bbox 349 660 518 717; x_wconf 81' lang='lat' dir='ltr'>Pisces,</span> <span class='ocrx_word' id='word_1_46' title='bbox 572 660 777 706; x_wconf 80' lang='lat' dir='ltr'>Favonio</span> <span class='ocrx_word' id='word_1_47' title='bbox 828 661 991 719; x_wconf 84' lang='lat' dir='ltr'>flante,</span> <span class='ocrx_word' id='word_1_48' title='bbox 1039 663 1308 725; x_wconf 83' lang='lat' dir='ltr'>Scorpionis</span> 
     </span>
     <span class='ocr_line' id='line_1_8' title="bbox 41 733 1308 801; baseline 0.006 -24"><span class='ocrx_word' id='word_1_49' title='bbox 41 744 282 794; x_wconf 82' lang='lat' dir='ltr'>comparat</span> <span class='ocrx_word' id='word_1_50' title='bbox 318 734 560 793; x_wconf 79' lang='lat' dir='ltr'>aequalem</span> <span class='ocrx_word' id='word_1_51' title='bbox 620 733 818 781; x_wconf 86' lang='lat' dir='ltr'>cursum.</span> <span class='ocrx_word' id='word_1_52' title='bbox 875 734 943 778; x_wconf 77' lang='lat' dir='ltr'>Ita</span> <span class='ocrx_word' id='word_1_53' title='bbox 983 734 1063 781; x_wconf 86' lang='lat' dir='ltr'>Sol</span> <span class='ocrx_word' id='word_1_54' title='bbox 1100 754 1150 782; x_wconf 79' lang='lat' dir='ltr'>ea</span> <span class='ocrx_word' id='word_1_55' title='bbox 1185 739 1308 801; x_wconf 77' lang='lat' dir='ltr'>signa</span> 
     </span>
     <span class='ocr_line' id='line_1_9' title="bbox 41 806 1310 870; baseline 0.005 -19"><span class='ocrx_word' id='word_1_56' title='bbox 41 806 344 869; x_wconf 79' lang='lat' dir='ltr'>pervagando</span> <span class='ocrx_word' id='word_1_57' title='bbox 362 839 375 861; x_wconf 92' lang='lat'>,</span> <span class='ocrx_word' id='word_1_58' title='bbox 406 806 539 852; x_wconf 87' lang='lat' dir='ltr'>certis</span> <span class='ocrx_word' id='word_1_59' title='bbox 558 807 851 866; x_wconf 87' lang='lat' dir='ltr'>temporibus</span> <span class='ocrx_word' id='word_1_60' title='bbox 874 821 1010 870; x_wconf 82' lang='lat' dir='ltr'>auget</span> <span class='ocrx_word' id='word_1_61' title='bbox 1029 823 1109 855; x_wconf 81' lang='lat' dir='ltr'>aut</span> <span class='ocrx_word' id='word_1_62' title='bbox 1133 813 1310 858; x_wconf 83' lang='lat' dir='ltr'>minuit</span> 
     </span>
     <span class='ocr_line' id='line_1_10' title="bbox 43 879 1309 939; baseline 0.006 -16"><span class='ocrx_word' id='word_1_63' title='bbox 43 880 229 925; x_wconf 85' lang='lat' dir='ltr'>dierum</span> <span class='ocrx_word' id='word_1_64' title='bbox 270 880 312 926; x_wconf 75' lang='lat' dir='ltr'>Sc</span> <span class='ocrx_word' id='word_1_65' title='bbox 344 879 564 924; x_wconf 84' lang='lat' dir='ltr'>horarum</span> <span class='ocrx_word' id='word_1_66' title='bbox 597 879 759 939; x_wconf 54' lang='lat' dir='ltr'>spatia„</span> <span class='ocrx_word' id='word_1_67' title='bbox 789 881 932 926; x_wconf 88' lang='lat' dir='ltr'>Nunc</span> <span class='ocrx_word' id='word_1_68' title='bbox 966 882 1025 926; x_wconf 90' lang='lat' dir='ltr'>de</span> <span class='ocrx_word' id='word_1_69' title='bbox 1064 886 1224 929; x_wconf 78' lang='lat' dir='ltr'>ceteris</span> <span class='ocrx_word' id='word_1_70' title='bbox 1253 887 1309 930; x_wconf 84' lang='lat' dir='ltr'>fi-</span> 
     </span>
     <span class='ocr_line' id='line_1_11' title="bbox 43 951 1309 1012; baseline 0.003 -14"><span class='ocrx_word' id='word_1_71' title='bbox 43 952 258 1009; x_wconf 87' lang='lat' dir='ltr'>deribus,</span> <span class='ocrx_word' id='word_1_72' title='bbox 293 969 413 1012; x_wconf 82' lang='lat' dir='ltr'>quae</span> <span class='ocrx_word' id='word_1_73' title='bbox 441 953 550 997; x_wconf 89' lang='lat' dir='ltr'>sunt</span> <span class='ocrx_word' id='word_1_74' title='bbox 586 951 747 999; x_wconf 85' lang='lat' dir='ltr'>dextra</span> <span class='ocrx_word' id='word_1_75' title='bbox 780 970 833 999; x_wconf 82' lang='lat' dir='ltr'>ac</span> <span class='ocrx_word' id='word_1_76' title='bbox 863 953 1030 1000; x_wconf 81' lang='lat' dir='ltr'>finistra</span> <span class='ocrx_word' id='word_1_77' title='bbox 1058 972 1225 1001; x_wconf 80' lang='lat' dir='ltr'>zonam</span> <span class='ocrx_word' id='word_1_78' title='bbox 1257 959 1309 1002; x_wconf 81' lang='lat' dir='ltr'>sr-</span> 
     </span>
     <span class='ocr_line' id='line_1_12' title="bbox 40 1027 1311 1093; baseline 0.006 -20"><span class='ocrx_word' id='word_1_79' title='bbox 40 1043 271 1091; x_wconf 85' lang='lat' dir='ltr'>gnorum,</span> <span class='ocrx_word' id='word_1_80' title='bbox 325 1027 577 1073; x_wconf 81' lang='lat' dir='ltr'>meridiana</span> <span class='ocrx_word' id='word_1_81' title='bbox 597 1062 609 1084; x_wconf 91' lang='lat'>,</span> <span class='ocrx_word' id='word_1_82' title='bbox 666 1029 1133 1090; x_wconf 78' lang='lat' dir='ltr'>septemtrionalique</span> <span class='ocrx_word' id='word_1_83' title='bbox 1180 1046 1311 1093; x_wconf 85' lang='lat' dir='ltr'>parte</span> 
     </span>
     <span class='ocr_line' id='line_1_13' title="bbox 41 1101 1175 1165; baseline 0.002 -18"><span class='ocrx_word' id='word_1_84' title='bbox 41 1101 237 1157; x_wconf 85' lang='lat' dir='ltr'>mundi,</span> <span class='ocrx_word' id='word_1_85' title='bbox 270 1101 403 1146; x_wconf 86' lang='lat' dir='ltr'>stellis</span> <span class='ocrx_word' id='word_1_86' title='bbox 437 1101 655 1162; x_wconf 79' lang='lat' dir='ltr'>dispofita</span> <span class='ocrx_word' id='word_1_87' title='bbox 685 1102 976 1165; x_wconf 78' lang='lat' dir='ltr'>figurataque</span> <span class='ocrx_word' id='word_1_88' title='bbox 1011 1104 1175 1152; x_wconf 82' lang='lat' dir='ltr'>dicam.</span> 
     </span>
    </p>
   </div>
   <div class='ocr_carea' id='block_1_3' title="bbox 44 1193 1307 1361">
    <p class='ocr_par' dir='ltr' id='par_1_3' title="bbox 44 1193 1307 1361">
     <span class='ocr_line' id='line_1_14' title="bbox 287 1193 1099 1276; baseline -0.001 -15"><span class='ocrx_word' id='word_1_89' title='bbox 287 1193 398 1261; x_wconf 78' lang='lat' dir='ltr'>CA</span> <span class='ocrx_word' id='word_1_90' title='bbox 432 1215 467 1259; x_wconf 88' lang='lat' dir='ltr'>P</span> <span class='ocrx_word' id='word_1_91' title='bbox 505 1216 544 1260; x_wconf 83' lang='lat' dir='ltr'>u</span> <span class='ocrx_word' id='word_1_92' title='bbox 578 1216 622 1260; x_wconf 87' lang='lat' dir='ltr'>T</span> <span class='ocrx_word' id='word_1_93' title='bbox 688 1215 828 1259; x_wconf 86' lang='lat'>111.</span> <span class='ocrx_word' id='word_1_94' title='bbox 900 1216 1099 1276; x_wconf 51' lang='lat' dir='ltr'>(vr.)</span> 
     </span>
     <span class='ocr_line' id='line_1_15' title="bbox 44 1294 1307 1361; baseline 0.004 -20"><span class='ocrx_word' id='word_1_95' title='bbox 44 1294 340 1358; x_wconf 80' lang='lat' dir='ltr'>Defideribus</span> <span class='ocrx_word' id='word_1_96' title='bbox 366 1314 470 1358; x_wconf 75' lang='lat' dir='ltr'>quae</span> <span class='ocrx_word' id='word_1_97' title='bbox 484 1296 636 1356; x_wconf 75' lang='lat' dir='ltr'>sunta</span> <span class='ocrx_word' id='word_1_98' title='bbox 671 1294 858 1351; x_wconf 69' lang='lat' dir='ltr'>Zocliaco</span> <span class='ocrx_word' id='word_1_99' title='bbox 885 1297 1307 1361; x_wconf 48' lang='lat' dir='ltr'>acl-septemtrionem.</span> 
     </span>
    </p>
   </div>
   <div class='ocr_carea' id='block_1_4' title="bbox 45 1381 1320 2537">
    <p class='ocr_par' dir='ltr' id='par_1_4' title="bbox 45 1381 1320 2537">
     <span class='ocr_line' id='line_1_16' title="bbox 111 1381 1312 1446; baseline 0.003 -19"><span class='ocrx_word' id='word_1_100' title='bbox 111 1383 331 1442; x_wconf 86' lang='lat' dir='ltr'>Namque</span> <span class='ocrx_word' id='word_1_101' title='bbox 362 1381 649 1443; x_wconf 87' lang='lat' dir='ltr'>Septemtrio</span> <span class='ocrx_word' id='word_1_102' title='bbox 668 1416 680 1439; x_wconf 89' lang='lat'>‚</span> <span class='ocrx_word' id='word_1_103' title='bbox 713 1399 855 1446; x_wconf 90' lang='lat' dir='ltr'>quem</span> <span class='ocrx_word' id='word_1_104' title='bbox 878 1384 1038 1429; x_wconf 79' lang='lat' dir='ltr'>Graeci</span> <span class='ocrx_word' id='word_1_105' title='bbox 1060 1387 1312 1431; x_wconf 75' lang='lat' dir='ltr'>nominant</span> 
     </span>
     <span class='ocr_line' id='line_1_17' title="bbox 47 1455 1312 1515; baseline 0.002 -15"><span class='ocrx_word' id='word_1_106' title='bbox 47 1458 191 1513; x_wconf 73' lang='grc' dir='ltr'><em>ἄρκτον</em></span> <span class='ocrx_word' id='word_1_107' title='bbox 219 1455 307 1499; x_wconf 81' lang='lat' dir='ltr'>sive</span> <span class='ocrx_word' id='word_1_108' title='bbox 331 1458 483 1510; x_wconf 62' lang='grc' dir='ltr'>ἑλίκην,</span> <span class='ocrx_word' id='word_1_109' title='bbox 518 1455 660 1500; x_wconf 83' lang='lat' dir='ltr'>habet</span> <span class='ocrx_word' id='word_1_110' title='bbox 694 1456 797 1515; x_wconf 82' lang='lat' dir='ltr'>post</span> <span class='ocrx_word' id='word_1_111' title='bbox 826 1455 870 1499; x_wconf 84' lang='lat' dir='ltr'>se</span> <span class='ocrx_word' id='word_1_112' title='bbox 898 1457 1180 1501; x_wconf 81' lang='lat' dir='ltr'>collocatum</span> <span class='ocrx_word' id='word_1_113' title='bbox 1218 1459 1312 1502; x_wconf 79' lang='lat' dir='ltr'>Cu-</span> 
     </span>
     <span class='ocr_line' id='line_1_18' title="bbox 45 1526 1313 1589; baseline 0.002 -17"><span class='ocrx_word' id='word_1_114' title='bbox 45 1528 238 1572; x_wconf 89' lang='lat' dir='ltr'>stodem.</span> <span class='ocrx_word' id='word_1_115' title='bbox 279 1526 353 1571; x_wconf 81' lang='lat' dir='ltr'>Ab</span> <span class='ocrx_word' id='word_1_116' title='bbox 383 1543 438 1572; x_wconf 89' lang='lat' dir='ltr'>eo</span> <span class='ocrx_word' id='word_1_117' title='bbox 470 1544 569 1572; x_wconf 88' lang='lat' dir='ltr'>non</span> <span class='ocrx_word' id='word_1_118' title='bbox 604 1529 747 1589; x_wconf 81' lang='lat' dir='ltr'>longe</span> <span class='ocrx_word' id='word_1_119' title='bbox 783 1526 1073 1572; x_wconf 71' lang='lat' dir='ltr'>conformata</span> <span class='ocrx_word' id='word_1_120' title='bbox 1111 1530 1173 1572; x_wconf 84' lang='lat' dir='ltr'>est</span> <span class='ocrx_word' id='word_1_121' title='bbox 1205 1529 1313 1575; x_wconf 84' lang='lat' dir='ltr'>Vir·-</span> 
     </span>
     <span class='ocr_line' id='line_1_19' title="bbox 47 1599 1313 1661; baseline 0.002 -18"><span class='ocrx_word' id='word_1_122' title='bbox 47 1615 136 1661; x_wconf 89' lang='lat' dir='ltr'>go,</span> <span class='ocrx_word' id='word_1_123' title='bbox 172 1599 302 1644; x_wconf 82' lang='lat' dir='ltr'>cuius</span> <span class='ocrx_word' id='word_1_124' title='bbox 337 1599 468 1660; x_wconf 76' lang='lat' dir='ltr'>supra</span> <span class='ocrx_word' id='word_1_125' title='bbox 506 1602 760 1645; x_wconf 86' lang='lat' dir='ltr'>humerum</span> <span class='ocrx_word' id='word_1_126' title='bbox 792 1600 1012 1644; x_wconf 77' lang='lat' dir='ltr'>dextrum</span> <span class='ocrx_word' id='word_1_127' title='bbox 1041 1601 1313 1646; x_wconf 82' lang='lat' dir='ltr'>lucidissima</span> 
     </span>
     <span class='ocr_line' id='line_1_20' title="bbox 45 1672 1315 1732; baseline 0 -13"><span class='ocrx_word' id='word_1_128' title='bbox 45 1673 169 1719; x_wconf 83' lang='lat' dir='ltr'>stella</span> <span class='ocrx_word' id='word_1_129' title='bbox 199 1672 365 1717; x_wconf 85' lang='lat' dir='ltr'>nititur</span> <span class='ocrx_word' id='word_1_130' title='bbox 383 1707 394 1728; x_wconf 91' lang='lat'>,</span> <span class='ocrx_word' id='word_1_131' title='bbox 428 1690 572 1732; x_wconf 82' lang='lat' dir='ltr'>quarn</span> <span class='ocrx_word' id='word_1_132' title='bbox 594 1672 734 1717; x_wconf 86' lang='lat' dir='ltr'>nostri</span> <span class='ocrx_word' id='word_1_133' title='bbox 759 1672 1139 1718; x_wconf 80' lang='lat' dir='ltr'>Provindemiam</span> <span class='ocrx_word' id='word_1_134' title='bbox 1168 1674 1315 1719; x_wconf 64' lang='lat' dir='ltr'>maio-</span> 
     </span>
     <span class='ocr_line' id='line_1_21' title="bbox 45 1745 1314 1805; baseline 0.001 -14"><span class='ocrx_word' id='word_1_135' title='bbox 45 1762 142 1791; x_wconf 85' lang='lat' dir='ltr'>rem</span> <span class='ocrx_word' id='word_1_136' title='bbox 160 1779 174 1801; x_wconf 94' lang='lat'>,</span> <span class='ocrx_word' id='word_1_137' title='bbox 199 1745 362 1790; x_wconf 83' lang='lat' dir='ltr'>Graeci</span> <span class='ocrx_word' id='word_1_138' title='bbox 391 1751 646 1805; x_wconf 72' lang='grc' dir='ltr'><em>προτρύγετον</em></span> <span class='ocrx_word' id='word_1_139' title='bbox 666 1747 897 1800; x_wconf 75' lang='lat' dir='ltr'>vocitant3</span> <span class='ocrx_word' id='word_1_140' title='bbox 930 1746 1131 1790; x_wconf 76' lang='lat' dir='ltr'>candens</span> <span class='ocrx_word' id='word_1_141' title='bbox 1150 1760 1314 1792; x_wconf 77' lang='lat' dir='ltr'>autem</span> 
     </span>
     <span class='ocr_line' id='line_1_22' title="bbox 48 1816 1313 1880; baseline -0.001 -18"><span class='ocrx_word' id='word_1_142' title='bbox 48 1817 190 1880; x_wconf 77' lang='lat' dir='ltr'>magis</span> <span class='ocrx_word' id='word_1_143' title='bbox 233 1816 369 1877; x_wconf 82' lang='lat' dir='ltr'>Spica</span> <span class='ocrx_word' id='word_1_144' title='bbox 413 1819 475 1862; x_wconf 82' lang='lat' dir='ltr'>est</span> <span class='ocrx_word' id='word_1_145' title='bbox 514 1819 729 1862; x_wconf 78' lang='lat' dir='ltr'>colorata.</span> <span class='ocrx_word' id='word_1_146' title='bbox 778 1817 896 1860; x_wconf 86' lang='lat' dir='ltr'>Item</span> <span class='ocrx_word' id='word_1_147' title='bbox 933 1816 1015 1860; x_wconf 72' lang='lat' dir='ltr'>alia</span> <span class='ocrx_word' id='word_1_148' title='bbox 1057 1829 1218 1860; x_wconf 75' lang='lat' dir='ltr'>contra</span> <span class='ocrx_word' id='word_1_149' title='bbox 1250 1816 1313 1861; x_wconf 86' lang='lat' dir='ltr'>est</span> 
     </span>
     <span class='ocr_line' id='line_1_23' title="bbox 46 1886 1314 1955; baseline -0.001 -18"><span class='ocrx_word' id='word_1_150' title='bbox 46 1892 172 1937; x_wconf 75' lang='lat' dir='ltr'>stella</span> <span class='ocrx_word' id='word_1_151' title='bbox 199 1892 352 1937; x_wconf 84' lang='lat' dir='ltr'>media</span> <span class='ocrx_word' id='word_1_152' title='bbox 378 1907 643 1955; x_wconf 81' lang='lat' dir='ltr'>genuorum</span> <span class='ocrx_word' id='word_1_153' title='bbox 682 1890 895 1935; x_wconf 75' lang='lat' dir='ltr'>Custodis</span> <span class='ocrx_word' id='word_1_154' title='bbox 927 1886 1050 1935; x_wconf 57' lang='lat' dir='ltr'>Ascli</span> <span class='ocrx_word' id='word_1_155' title='bbox 1070 1926 1081 1946; x_wconf 85' lang='lat'>,</span> <span class='ocrx_word' id='word_1_156' title='bbox 1119 1893 1202 1951; x_wconf 86' lang='lat' dir='ltr'>qui</span> <span class='ocrx_word' id='word_1_157' title='bbox 1227 1891 1314 1936; x_wconf 75' lang='lat' dir='ltr'>Ar·</span> 
     </span>
     <span class='ocr_line' id='line_1_24' title="bbox 46 1964 1316 2026; baseline -0.003 -14"><span class='ocrx_word' id='word_1_158' title='bbox 46 1964 204 2013; x_wconf 63' lang='lat' dir='ltr'>&amp;urus</span> <span class='ocrx_word' id='word_1_159' title='bbox 231 1966 415 2011; x_wconf 88' lang='lat' dir='ltr'>dicitur.</span> <span class='ocrx_word' id='word_1_160' title='bbox 444 1965 515 2009; x_wconf 84' lang='lat' dir='ltr'>Est</span> <span class='ocrx_word' id='word_1_161' title='bbox 548 1964 613 2008; x_wconf 86' lang='lat' dir='ltr'>ibi</span> <span class='ocrx_word' id='word_1_162' title='bbox 641 1964 879 2010; x_wconf 74' lang='lat' dir='ltr'>dedicatus</span> <span class='ocrx_word' id='word_1_163' title='bbox 914 1982 937 2008; x_wconf 91' lang='lat' dir='ltr'>e</span> <span class='ocrx_word' id='word_1_164' title='bbox 966 1965 1155 2026; x_wconf 68' lang='lat' dir='ltr'>regione</span> <span class='ocrx_word' id='word_1_165' title='bbox 1190 1965 1316 2024; x_wconf 79' lang='lat' dir='ltr'>capi-</span> 
     </span>
     <span class='ocr_line' id='line_1_25' title="bbox 49 2037 1316 2100; baseline -0.002 -15"><span class='ocrx_word' id='word_1_166' title='bbox 49 2040 104 2085; x_wconf 83' lang='lat' dir='ltr'>tis</span> <span class='ocrx_word' id='word_1_167' title='bbox 143 2039 525 2100; x_wconf 65' lang='lat' dir='ltr'>SeptemtrioniS,</span> <span class='ocrx_word' id='word_1_168' title='bbox 562 2038 835 2083; x_wconf 83' lang='lat' dir='ltr'>transversus</span> <span class='ocrx_word' id='word_1_169' title='bbox 872 2039 930 2083; x_wconf 83' lang='lat' dir='ltr'>ad</span> <span class='ocrx_word' id='word_1_170' title='bbox 971 2037 1112 2098; x_wconf 87' lang='lat' dir='ltr'>pedes</span> <span class='ocrx_word' id='word_1_171' title='bbox 1155 2037 1316 2082; x_wconf 88' lang='lat' dir='ltr'>Gemi-</span> 
     </span>
     <span class='ocr_line' id='line_1_26' title="bbox 48 2110 1315 2172; baseline -0.001 -16"><span class='ocrx_word' id='word_1_172' title='bbox 48 2128 247 2166; x_wconf 84' lang='lat' dir='ltr'>norum,</span> <span class='ocrx_word' id='word_1_173' title='bbox 275 2111 472 2172; x_wconf 78' lang='lat' dir='ltr'>Auriga,</span> <span class='ocrx_word' id='word_1_174' title='bbox 498 2110 676 2169; x_wconf 81' lang='lat' dir='ltr'>statque</span> <span class='ocrx_word' id='word_1_175' title='bbox 701 2111 748 2156; x_wconf 89' lang='lat' dir='ltr'>in</span> <span class='ocrx_word' id='word_1_176' title='bbox 769 2111 954 2155; x_wconf 85' lang='lat' dir='ltr'>summo</span> <span class='ocrx_word' id='word_1_177' title='bbox 989 2127 1136 2155; x_wconf 86' lang='lat' dir='ltr'>cornu</span> <span class='ocrx_word' id='word_1_178' title='bbox 1154 2110 1315 2156; x_wconf 75' lang='lat' dir='ltr'>Tauri.</span> 
     </span>
     <span class='ocr_line' id='line_1_27' title="bbox 47 2184 1320 2246; baseline -0.002 -16"><span class='ocrx_word' id='word_1_179' title='bbox 47 2186 268 2243; x_wconf 87' lang='lat' dir='ltr'>Itemque</span> <span class='ocrx_word' id='word_1_180' title='bbox 304 2185 351 2228; x_wconf 85' lang='lat' dir='ltr'>in</span> <span class='ocrx_word' id='word_1_181' title='bbox 384 2185 569 2229; x_wconf 82' lang='lat' dir='ltr'>summo</span> <span class='ocrx_word' id='word_1_182' title='bbox 597 2201 741 2230; x_wconf 85' lang='lat' dir='ltr'>cornu</span> <span class='ocrx_word' id='word_1_183' title='bbox 769 2187 900 2230; x_wconf 79' lang='lat' dir='ltr'>laevo</span> <span class='ocrx_word' id='word_1_184' title='bbox 922 2184 980 2228; x_wconf 75' lang='lat' dir='ltr'>ad</span> <span class='ocrx_word' id='word_1_185' title='bbox 1013 2185 1212 2246; x_wconf 77' lang='lat' dir='ltr'>Aurigae</span> <span class='ocrx_word' id='word_1_186' title='bbox 1238 2201 1320 2245; x_wconf 89' lang='lat' dir='ltr'>pe-</span> 
     </span>
     <span class='ocr_line' id='line_1_28' title="bbox 50 2259 1319 2318; baseline 0 -16"><span class='ocrx_word' id='word_1_187' title='bbox 50 2259 131 2302; x_wconf 85' lang='lat' dir='ltr'>des</span> <span class='ocrx_word' id='word_1_188' title='bbox 175 2273 266 2300; x_wconf 74' lang='lat' dir='ltr'>una</span> <span class='ocrx_word' id='word_1_189' title='bbox 292 2268 421 2302; x_wconf 84' lang='lat' dir='ltr'>tenet</span> <span class='ocrx_word' id='word_1_190' title='bbox 457 2270 586 2318; x_wconf 75' lang='lat' dir='ltr'>parte</span> <span class='ocrx_word' id='word_1_191' title='bbox 621 2259 794 2303; x_wconf 80' lang='lat' dir='ltr'>stellam</span> <span class='ocrx_word' id='word_1_192' title='bbox 817 2293 828 2312; x_wconf 93' lang='lat'>,</span> <span class='ocrx_word' id='word_1_193' title='bbox 859 2260 899 2302; x_wconf 67' lang='grc' dir='ltr'>ὅ(</span> <span class='ocrx_word' id='word_1_194' title='bbox 929 2259 1191 2318; x_wconf 71' lang='lat' dir='ltr'>appellatur</span> <span class='ocrx_word' id='word_1_195' title='bbox 1221 2262 1319 2302; x_wconf 75' lang='lat' dir='ltr'>Au-</span> 
     </span>
     <span class='ocr_line' id='line_1_29' title="bbox 46 2329 1318 2392; baseline 0 -18"><span class='ocrx_word' id='word_1_196' title='bbox 46 2331 168 2392; x_wconf 80' lang='lat' dir='ltr'>rigae</span> <span class='ocrx_word' id='word_1_197' title='bbox 198 2344 376 2373; x_wconf 80' lang='lat' dir='ltr'>manus.</span> <span class='ocrx_word' id='word_1_198' title='bbox 414 2329 595 2384; x_wconf 81' lang='lat' dir='ltr'>Hoecli,</span> <span class='ocrx_word' id='word_1_199' title='bbox 619 2345 752 2390; x_wconf 82' lang='lat' dir='ltr'>capra</span> <span class='ocrx_word' id='word_1_200' title='bbox 783 2333 914 2375; x_wconf 80' lang='lat' dir='ltr'>laevo</span> <span class='ocrx_word' id='word_1_201' title='bbox 942 2332 1139 2374; x_wconf 83' lang='lat' dir='ltr'>humero</span> <span class='ocrx_word' id='word_1_202' title='bbox 1172 2329 1318 2374; x_wconf 38' lang='lat' dir='ltr'>Tiluri</span> 
     </span>
     <span class='ocr_line' id='line_1_30' title="bbox 49 2400 1320 2463; baseline -0.001 -16"><span class='ocrx_word' id='word_1_203' title='bbox 49 2403 247 2463; x_wconf 75' lang='lat' dir='ltr'>quidem</span> <span class='ocrx_word' id='word_1_204' title='bbox 275 2403 313 2445; x_wconf 53' lang='grc' dir='ltr'>ἃ·</span> <span class='ocrx_word' id='word_1_205' title='bbox 340 2400 503 2445; x_wconf 77' lang='lat' dir='ltr'>Arietis</span> <span class='ocrx_word' id='word_1_206' title='bbox 524 2420 535 2451; x_wconf 84' lang='lat'>;</span> <span class='ocrx_word' id='word_1_207' title='bbox 558 2403 739 2463; x_wconf 82' lang='lat' dir='ltr'>insuper</span> <span class='ocrx_word' id='word_1_208' title='bbox 765 2403 950 2448; x_wconf 71' lang='lat' dir='ltr'>Perseus</span> <span class='ocrx_word' id='word_1_209' title='bbox 979 2402 1320 2446; x_wconf 72' lang='lat' dir='ltr'>dexterioribus</span> 
     </span>
     <span class='ocr_line' id='line_1_31' title="bbox 47 2473 1318 2537; baseline 0 -19"><span class='ocrx_word' id='word_1_210' title='bbox 47 2474 394 2520; x_wconf 75' lang='lat' dir='ltr'>iubtercurrens</span> <span class='ocrx_word' id='word_1_211' title='bbox 419 2473 562 2518; x_wconf 60' lang='lat' dir='ltr'>basim</span> <span class='ocrx_word' id='word_1_212' title='bbox 599 2473 929 2537; x_wconf 67' lang='lat' dir='ltr'>Vergiliarum,</span> <span class='ocrx_word' id='word_1_213' title='bbox 969 2473 1318 2518; x_wconf 77' lang='lat' dir='ltr'>sinisterioribus</span> 
     </span>
    </p>
   </div>
  </div>
 </body>
</html>
