1600 2902
266 134 358 197 306
506 129 573 177 M.
608 127 899 181 VITRUVH
939 132 1270 182 Pomouis

262 241 443 285 tionem
469 237 526 284 fic
558 239 643 284 erit
674 239 975 296 collocanda,
1010 242 1080 286 uti
1111 240 1522 302 quemadmodum

259 313 621 375 Pythagoricum
652 313 891 376 trigonum
936 314 1269 376 orthogonium
1305 314 1523 380 describi-

259 396 364 442 tur,
400 387 457 431 fic
488 386 539 430 id
570 386 734 430 habeat
769 385 1064 446 responsum:
1101 386 1149 430 id
1178 387 1266 443 est,
1301 380 1371 432 uti
1403 387 1523 431 divi-

259 456 397 500 datur
416 456 666 518 longitudo
688 456 735 500 in
756 469 906 516 partes
928 456 1168 517 quinque:
1201 474 1356 503 earum
1377 460 1518 503 trium

256 528 508 571 extollatur
545 538 685 586 caput
718 528 962 583 cochleae3
1004 529 1066 573 ita
1095 529 1182 573 erit
1210 545 1235 573 a
1266 530 1518 590 perpendi-

254 600 365 644 culo
386 600 444 643 ad
477 600 587 644 imas
617 617 744 645 nares
778 600 872 645 eius
893 602 1092 661 spatium
1120 615 1269 662 partes
1299 615 1517 663 quatuor.

256 671 369 738 Qua
398 672 577 716 ratione
597 684 753 716 autem
780 684 994 732 oporteat
1023 673 1069 717 id
1093 673 1207 729 else,
1234 674 1281 717 in
1307 686 1519 719 extremo

253 742 377 787 libro
408 744 504 788 eius
537 743 687 788 forma
709 744 937 804 descripta
969 745 1042 789 est.
1081 746 1217 811 Quae
1243 744 1301 790 de
1331 746 1519 790 materia

253 817 376 863 fiunt
405 835 571 881 organa
605 820 661 862 ad
693 819 998 864 hauriendam
1035 836 1232 878 aquam,
1276 819 1317 865 Sc
1345 820 1522 879 quibus

252 890 511 935 rationibus
542 891 864 951 perficiantur,
896 890 1167 950 quibusque
1202 890 1339 935 rebus
1358 902 1516 936 motus

251 961 520 1019 recipientia
544 962 774 1021 praestent
807 961 1141 1007 versationibus
1160 961 1360 1006 infinitas
1389 962 1517 1006 utili-

249 1043 394 1088 tates,
429 1043 481 1077 nt
519 1032 660 1078 essent
691 1033 873 1078 notiora
895 1066 908 1090 ‚
946 1050 1090 1093 quam
1121 1033 1394 1094 apertissime
1426 1049 1517 1093 po·-

246 1106 322 1150 tui
359 1106 602 1167 perscripsi.

597 1215 635 1260 C
667 1214 709 1260 A
743 1216 778 1260 Ρ
814 1216 855 1261 U
889 1216 934 1261 T
999 1215 1045 1261 X
1084 1216 1105 1260 I
1139 1215 1172 1259 I.

248 1301 318 1349 De
341 1303 541 1365 thfibica
564 1305 762 1350 machina
779 1341 793 1354 ,
820 1323 925 1367 quae
947 1306 1137 1365 altg‘ffime
1155 1305 1324 1350 extollit
1349 1321 1511 1366 aquam.

311 1394 580 1454 Insequitur
609 1412 737 1441 nunc
772 1396 832 1442 de
861 1396 1088 1441 Ctesibica
1119 1396 1353 1451 machina,
1391 1412 1510 1454 quae

247 1465 297 1509 in
317 1467 617 1511 altitudinem
639 1484 810 1527 aquam
836 1468 1019 1521 educit,
1064 1469 1326 1512 monstrare.
1371 1467 1432 1511 Ea
1459 1467 1511 1511 fit

246 1553 307 1582 ex
338 1554 471 1594 aere,
516 1540 644 1584 cuius
687 1541 736 1584 in
770 1541 1000 1585 radicibus
1042 1541 1238 1584 modioli
1275 1541 1394 1585 fiunt
1430 1559 1509 1604 ge-

244 1610 376 1654 melli
406 1612 601 1670 paulum
635 1611 877 1667 distantes,
913 1613 1137 1656 habentes
1176 1611 1339 1656 fistulas
1377 1612 1508 1672 (fur-

243 1680 376 1724 cillae
398 1681 505 1724 sunt
534 1682 707 1743 figura)
741 1682 950 1727 similiter
979 1683 1303 1738 cohaereiite5‚
1345 1684 1391 1728 in
1421 1701 1510 1729 me·

244 1750 378 1795 dium
395 1753 603 1797 catinum
633 1765 988 1798 concurrentes:
1020 1754 1067 1798 in
1094 1771 1193 1813 quo
1213 1754 1367 1798 catino
1395 1755 1509 1798 liant

241 1839 375 1879 axes,
419 1824 467 1867 in
510 1823 821 1884 superioribus
862 1826 1050 1870 naribus
1083 1827 1337 1871 fistularum
1373 1843 1509 1888 coag-

240 1896 534 1941 mentatione
570 1897 729 1941 subtili
761 1898 1009 1942 collocati:
1055 1898 1137 1956 qui
1172 1897 1508 1956 praeobturan-

240 1977 307 2012 tes
345 1969 574 2015 foramina
608 1971 823 2026 narium,
867 1987 966 2016 non
1007 1971 1251 2031 patiuntur
1291 1970 1415 2015 exire
1457 1971 1507 2016 id

239 2042 375 2100 quod
394 2042 553 2101 spiritu
572 2043 617 2084 in
638 2042 845 2086 catinum
880 2042 1018 2086 fuerit
1046 2040 1318 2102 expressum.
1353 2040 1502 2100 Supra

237 2115 445 2159 catinum
468 2117 642 2175 penula
659 2149 671 2169 ‚
695 2126 747 2159 ut
771 2114 1135 2160 infundibulum
1160 2113 1418 2170 inversum,
1439 2115 1502 2158 est

234 2198 567 2248 attemperata,
609 2206 728 2248 quae
756 2190 893 2234 etiam
927 2207 1009 2249 per
1045 2190 1238 2234 fibulam
1274 2205 1384 2234 cum
1428 2204 1504 2231 ca-

235 2259 338 2303 tino
372 2276 523 2305 cuneo
558 2257 747 2306 traiecio
771 2295 784 2317 ‚
830 2262 1100 2307 continetur
1137 2261 1177 2307 Sc
1206 2270 1502 2323 coagmenta-

233 2340 339 2387 tur,
372 2349 430 2375 ne
464 2333 529 2376 vis
563 2332 812 2377 inflationis
832 2349 980 2391 aquae
1019 2349 1119 2376 earn
1156 2342 1288 2393 cogat
1314 2332 1499 2374 elevare.

233 2400 425 2463 Insuper
442 2404 584 2450 fistula
600 2440 612 2462 2
635 2422 754 2465 quae
780 2405 895 2450 tuba
916 2405 1116 2464 dicitur,
1148 2413 1500 2466 coagmentata,
