1600 2902
250 221 330 270 DE
362 219 850 268 ARCHITECTURA
885 219 993 265 ΠΒ.
1029 221 1090 266 V.
1206 236 1294 283 149

49 332 213 378 lonico
241 341 321 374 aut
350 329 596 375 Corinthio
627 346 792 392 genere
821 328 1152 373 deformentur.
1205 327 1299 371 Co-

49 407 317 451 lumnarum
360 417 518 448 autem
566 404 895 463 proportiones
931 403 972 449 Sc
1007 401 1299 463 symmetriae

49 494 148 524 non
175 492 313 522 erunt
332 478 491 524 iisdem
526 477 802 533 rationibus,
835 477 1008 537 quibus
1038 476 1085 520 in
1111 475 1301 520 aedibus

50 549 180 594 sacris
213 550 374 609 scripsi.
429 549 580 593 Aliam
624 550 749 593 enim
782 548 830 592 in
865 547 1077 592 Deorum
1116 547 1304 607 templis

50 623 231 668 debent
264 624 432 668 habere
465 623 733 685 gravitatem
754 655 768 679 ,
805 623 937 666 aliam
967 622 1014 666 in
1050 622 1304 682 porticibus

51 696 94 740 86
128 698 285 741 ceteris
316 696 532 756 operibus
556 694 870 739 subtilitatem.
905 694 1067 752 Itaque
1091 693 1121 737 fi
1145 692 1306 738 Dorici

51 769 227 830 generis
247 781 382 814 erunt
417 769 685 821 columnae,
717 766 1020 810 dimetiantur
1055 782 1210 810 earum
1240 765 1307 809 al-

51 840 278 886 titudines
314 858 423 886 cum
445 840 651 900 capitulis
675 839 721 882 in
744 849 892 899 partes
928 838 1198 898 quindecim
1215 872 1227 893 ‚
1264 837 1306 884 86

55 928 114 956 ex
133 913 193 957 eis
216 915 420 973 partibus
435 921 526 957 una
547 911 877 966 constituatur,
905 911 944 957 Sc
966 912 1044 955 fiat
1062 909 1305 954 modulus:

54 985 112 1029 ad
134 986 262 1030 cuius
280 985 463 1031 moduli
489 985 718 1030 rationem
751 985 902 1030 omnis
930 984 1080 1044 operis
1107 982 1191 1027 erit
1228 997 1310 1026 ex-

53 1056 238 1116 plicatio
259 1091 272 1113 ,
302 1056 343 1102 Sc
363 1057 408 1101 in
426 1057 524 1103 imo
551 1059 799 1104 columnae
821 1057 1068 1104 crallitudo
1091 1057 1168 1101 fiat
1189 1055 1310 1100 duo-

55 1143 161 1172 rum
202 1130 533 1176 modulorum:
570 1131 989 1176 intercolumnium
1025 1129 1240 1189 quinque
1268 1127 1310 1174 Sc

55 1200 238 1245 moduli
263 1201 454 1247 dimidia
479 1215 631 1263 parte:
668 1203 869 1247 altitudo
891 1204 1137 1248 columnae
1155 1235 1167 1257 ⁷
1191 1215 1311 1260 prae-

57 1282 126 1316 ter
154 1274 437 1333 capitulum,
470 1275 827 1334 quatuordecim
872 1275 1204 1321 modulorum:
1238 1288 1313 1316 ca·-

56 1344 196 1403 pituli
222 1346 423 1390 altitudo
454 1347 638 1391 moduli
663 1347 828 1406 unjus,
864 1347 1067 1392 latitudo
1088 1345 1312 1390 modulo-

53 1431 160 1460 rum
182 1415 384 1462 duorum
406 1417 445 1462 Sc
469 1418 650 1463 moduli
673 1418 822 1463 sextae
841 1418 992 1477 partis.
1023 1418 1174 1462 Ceteri
1196 1433 1312 1476 ope-

57 1489 114 1543 ris
142 1490 489 1535 modulationes
508 1525 519 1547 ‚
554 1491 621 1535 uti
645 1492 693 1536 in
725 1491 915 1536 aedibus
954 1491 1081 1535 sacris
1110 1492 1157 1536 in
1188 1494 1310 1540 libro

60 1574 228 1621 quarto
253 1563 473 1624 scriptum
497 1565 582 1619 efl,
614 1565 674 1608 ita
696 1565 1001 1624 perficiantur.
1044 1564 1123 1609 Sin
1151 1578 1311 1612 autem

59 1635 240 1681 Ionicae
258 1640 508 1683 columnae
527 1639 665 1693 fient,
690 1638 845 1698 scapus
876 1650 1054 1697 praeter
1079 1637 1241 1698 spiram
1272 1641 1311 1687 Sc

57 1710 318 1768 capitulum
348 1711 395 1754 in
424 1708 530 1755 0810
550 1723 696 1770 partes
722 1711 762 1757 Sc
788 1710 1030 1755 dimidiam
1050 1712 1312 1771 dividatur,

60 1780 100 1826 Sc
121 1798 177 1826 ex
206 1783 271 1826 his
297 1798 389 1828 una
417 1783 691 1828 crallltudini
722 1785 968 1828 columnae
1003 1784 1165 1829 detur:
1196 1786 1311 1845 spira

63 1869 170 1897 cum
201 1854 388 1913 plintho
427 1855 619 1900 dimidia
658 1855 945 1900 crallitudine
982 1858 1307 1903 constituatur:

60 1926 250 1984 capituli
281 1928 394 1972 ratio
434 1928 495 1972 ita
526 1929 625 1983 fiat,
661 1929 728 1972 uti
756 1929 801 1972 in
828 1930 965 1973 tertio
990 1930 1109 1973 libro
1139 1931 1200 1974 est
1230 1931 1311 1975 de-

62 1996 380 2043 monstratum.
413 1991 462 2044 'Si
489 2000 728 2044 Corinthia
759 2000 871 2054 erit,
910 2000 1066 2060 scapus
1100 2000 1140 2044 Sc
1167 2002 1311 2061 spira,

64 2067 128 2110 uti
166 2068 212 2111 in
252 2068 431 2114 Ionica:
471 2071 727 2130 capitulum
766 2082 948 2126 autem,
996 2074 1312 2130 quemadmo-

65 2138 181 2182 dum
204 2141 248 2183 in
279 2155 443 2199 quarto
468 2144 587 2188 libro
613 2144 674 2188 est
698 2144 916 2203 scripturn
934 2178 946 2197 ,
981 2144 1036 2188 ita
1058 2145 1222 2191 habeat
1241 2164 1310 2192 ra-

64 2212 265 2257 tionem:
302 2215 631 2276 stylobatisque
658 2216 879 2272 adicc‘tio,
911 2235 1030 2276 quae
1054 2219 1104 2262 fit
1124 2236 1202 2278 per
1223 2220 1311 2265 sca-

66 2285 218 2330 millos
258 2285 474 2346 impares,
521 2307 579 2335 ex
626 2291 961 2351 descriptione,
1007 2309 1125 2350 quae
1174 2292 1310 2352 supra.

62 2357 226 2417 scripta
264 2359 324 2403 est
357 2360 403 2405 in
440 2363 563 2407 libro
603 2365 762 2420 tertio,
799 2365 1015 2410 sumatur.
1062 2365 1309 2425 Epistyfia,

63 2446 282 2486 coronae,
322 2443 563 2492 ceteraque
596 2437 751 2480 omnia
768 2470 782 2492 ,
803 2437 859 2481 ad
885 2438 1210 2482 columnarum
1238 2455 1308 2483 ra-

62 2504 240 2548 tionem
271 2520 328 2548 cx
366 2504 539 2566 scriptis
572 2507 870 2554 voluminum
905 2508 1196 2564 superiorum
1232 2527 1309 2556 ex-

950 2573 1052 2634 K3
