1600 2902
222 243 279 276 η
473 228 539 274 M,
576 227 866 273 VITRUVII
898 226 1236 276 POLLIONIS

219 346 376 381 autem
410 336 611 381 humiles
651 334 692 378 8c
718 335 1007 390 inhonestos,
1049 351 1146 380 non
1185 345 1324 381 erunt
1360 351 1472 381 cum

223 408 400 453 decore.
441 409 557 452 Item
588 408 617 451 sl
647 407 824 453 Doricis
848 408 1060 468 epistyliis
1083 409 1129 452 in
1148 409 1328 454 coronis
1352 409 1473 453 clen-

220 480 352 524 ticuli
382 479 650 540 sculpentur
676 514 687 534 ‚
730 494 811 524 aut
850 479 899 523 in
938 479 1185 539 pulvinatis
1218 482 1429 540 capitulis
1456 515 1470 537 ,

220 552 261 598 Sc
289 551 454 596 Ionicis
479 552 692 612 epistyliis
717 552 1041 612 exprimentur
1064 553 1311 614 triglyphi,
1335 566 1474 597 trans-

220 626 319 670 latis
351 642 408 671 ex
438 627 523 671 alia
550 628 729 672 ratione
758 628 1118 688 proprietatibus
1162 628 1209 672 in
1243 628 1369 672 aliud
1398 644 1475 690 ge-

220 713 309 743 nus
335 698 511 758 operis,
545 698 814 743 offendetur
843 696 1109 758 adspeStus,
1141 700 1234 743 aliis
1261 712 1367 744 ante
1400 717 1476 744 or·-

224 770 345 815 dinis
371 771 789 817 consuetudinibus
811 771 1037 816 institutis„
1072 771 1297 816 Naturalis
1316 784 1474 818 autem

221 842 366 888 decor
396 844 453 889 fic
486 844 594 888 erit:
637 843 668 888 fi
701 843 910 903 primum
945 844 1164 889 omnibus
1202 846 1386 904 templis
1418 845 1480 889 sa-

224 915 507 960 luberrimae
535 916 741 977 regiones
758 950 770 972 ,
806 933 1134 976 aquarumque
1164 916 1314 960 fontes
1338 917 1385 960 in
1409 917 1477 961 his

223 987 336 1031 locis
370 986 527 1031 idonei
562 986 820 1049 eligentur,
858 987 904 1031 in
950 987 1120 1046 quibus
1169 985 1272 1031 fana
1312 988 1479 1032 consti-

223 1070 417 1104 tuantur
441 1080 449 1104 :
482 1059 653 1105 deinde
683 1060 889 1106 maxime
913 1059 1213 1120 Aesculapio,
1241 1059 1413 1116 Saluti,
1436 1061 1478 1107 Sc

227 1148 392 1178 eorum
419 1133 662 1188 Deorum,
692 1149 898 1193 quorum
923 1133 1114 1193 plurimi
1141 1133 1384 1178 medicinis
1407 1152 1479 1179 ae-

225 1207 293 1268 gri
326 1207 471 1253 curari
495 1206 731 1252 videntur.
771 1207 892 1250 Cum
922 1206 1046 1250 enim
1079 1221 1138 1249 ex
1167 1205 1397 1265 pestilenti
1427 1207 1476 1250 in

225 1278 458 1323 salubrem
486 1279 647 1323 locum
676 1294 869 1337 corpora
887 1293 1018 1340 aegra
1042 1279 1256 1322 translata
1283 1277 1475 1334 fuerint,

225 1348 270 1393 Sc
302 1366 326 1394 e
359 1350 566 1395 fontibus
598 1350 853 1395 salubribus
888 1365 1116 1409 aquarum
1159 1350 1263 1395 usus
1300 1350 1479 1394 submi-

229 1420 577 1478 nistrabuntur,
611 1423 802 1467 celerius
835 1422 1168 1468 convalescent.
1215 1422 1282 1466 Ita
1316 1422 1482 1468 efficie-

230 1505 332 1550 tur,
366 1496 436 1540 uti
461 1513 519 1540 ex
552 1508 712 1540 natura
746 1496 837 1541 loci
867 1496 1060 1540 maiores
1087 1492 1333 1556 :molasque
1370 1513 1479 1541 cum

233 1565 458 1629 dignitate
488 1567 698 1612 divinitas
732 1567 930 1627 excipiat
964 1566 1219 1627 opiniones.
1255 1569 1376 1612 Item
1408 1585 1480 1612 na-

229 1648 361 1683 turae
392 1638 531 1683 decor
557 1639 667 1695 erit,
687 1640 718 1683 fi
748 1639 973 1684 cubiculis
1002 1638 1042 1683 Sc
1067 1639 1363 1684 bibliothecis
1380 1674 1391 1695 ,
1417 1641 1475 1685 ab

232 1709 412 1754 oriente
439 1710 618 1754 lumina
645 1710 886 1770 capientur
908 1730 918 1755 2
951 1710 1125 1754 balneis
1148 1711 1188 1756 8c
1207 1711 1483 1756 hibernacu-

231 1780 308 1835 lis,
336 1780 394 1825 ab
421 1782 661 1826 occidente
691 1782 914 1826 hiberno:
942 1783 1280 1842 pinacothecis,
1311 1782 1350 1827 Sc
1371 1784 1481 1842 qui-

233 1851 321 1896 bus
362 1852 491 1896 certis
538 1852 794 1897 luminibus
839 1870 957 1913 opus
990 1854 1052 1898 est
1090 1853 1328 1914 partibu3‚
1362 1871 1386 1898 a
1420 1854 1483 1898 se-

231 1923 548 1984 ptemtrion&
587 1925 722 1985 quod
760 1942 810 1970 ea
840 1927 957 1971 coeli
991 1927 1116 1989 regio
1144 1943 1300 1985 neque
1329 1927 1482 1970 excla-

233 2006 386 2049 ratur,
410 2011 569 2054 neque
597 1995 865 2040 obscuratur
891 1995 994 2041 solis
1014 1996 1169 2050 cursu,
1196 1995 1273 2039 sed
1301 1995 1361 2040 est
1384 2012 1481 2040 cer-

231 2076 278 2110 ta
306 2065 346 2111 &⁴
375 2065 678 2112 immutabilis
708 2067 785 2111 die
810 2080 1054 2128 perpetuo.
1099 2067 1377 2112 Distributio
1398 2085 1482 2112 au-

233 2148 331 2183 tem
372 2139 432 2183 est
467 2139 706 2199 copiarum
740 2140 927 2198 locique
961 2140 1211 2184 commoda
1254 2140 1481 2201 dispensa-

233 2210 299 2255 tio
317 2244 330 2265 ,
366 2226 596 2270 parcaque
631 2212 679 2254 in
715 2211 934 2270 operibus
963 2210 1183 2270 sumptus*
1204 2227 1313 2256 cum
1340 2212 1481 2256 ratio-

232 2300 294 2329 ne
313 2283 604 2343 temperatio.
636 2282 764 2328 Haec
788 2282 847 2327 ita
863 2270 1199 2338 observabitur,
1222 2284 1252 2328 fi
1271 2283 1476 2343 primum

235 2353 507 2400 architestus
538 2371 588 2400 ea
616 2369 714 2399 non
745 2365 934 2413 quaeret
951 2389 963 2409 ‚
986 2371 1105 2414 quae
1130 2372 1226 2400 non
1252 2367 1478 2414 poterunt

236 2423 431 2470 inveniri
457 2438 535 2471 aut
563 2425 736 2485 parari,
781 2424 861 2469 nisi
893 2441 1075 2487 magno.
1130 2426 1348 2483 Namque
1380 2439 1479 2468 non

242 2497 460 2546 omnibus
488 2498 598 2545 locis
641 2512 800 2543 arenae
841 2496 1057 2554 soffia-cie,
1101 2514 1188 2543 nec
1216 2506 1482 2542 caemento-
