1600 2902
254 138 333 179 340
563 123 1190 169 ARCHITECTURAE

255 219 377 258 exiles
409 220 561 272 magis,
600 232 650 258 ex
689 220 865 260 hibernis
899 221 1118 273 liquoribus
1143 221 1296 263 colleffi
1317 252 1328 271 ‚
1370 220 1520 275 saporis

255 282 423 334 optimi,
450 281 570 335 spiffis
593 282 634 322 &
663 281 797 322 solidis
830 283 930 322 locis
955 281 1213 324 subsistentes.
1253 285 1423 325 Glareae
1445 296 1520 322 ve-

255 357 304 385 ro
330 345 554 384 mediocres
578 345 620 385 &
644 345 815 385 incertas
830 358 953 385 venas
972 345 1118 386 habent
1133 376 1144 394 ‚
1172 346 1236 387 sed
1264 348 1418 400 egregia
1439 347 1521 387 sua·

255 404 397 443 vitate.
430 403 475 443 In
496 405 683 444 sabulone
707 406 884 446 masculo
902 437 913 455 ‚
947 407 987 447 &
1010 419 1127 446 arena
1143 439 1155 455 ,
1188 410 1229 448 δι
1254 409 1521 456 carbunculo,

256 465 449 504 certiores
485 466 527 505 {St
558 464 795 506 salubriores
830 468 871 507 δι
904 468 1216 508 abundantiores
1254 468 1341 508 sunt
1381 472 1522 524 copiae

256 536 463 576 aquarum.
493 526 540 564 In
563 526 684 566 rubro
703 526 796 567 saxo
827 528 869 567 δι
895 527 1077 582 copiosae
1095 529 1136 568 &
1156 528 1285 569 bonae
1312 531 1524 570 inveniun-

257 597 336 626 tur.
376 587 449 626 Sed
479 588 769 641 providendum
807 589 907 637 erit,
943 603 992 628 ne
1027 591 1131 630 inter
1160 591 1278 630 rimas
1311 589 1523 640 saxorum,

258 647 421 701 quando
442 647 651 701 suspensae
677 648 767 689 sunt
784 681 795 698 ‚
828 651 1052 690 decurrant.
1093 651 1173 692 Sub
1193 652 1389 692 radicibus
1414 665 1524 692 mon-

258 710 358 749 tium
383 712 420 748 <Sc
450 711 490 749 in
524 710 623 750 saxis
651 710 820 751 silicibus
854 712 1087 761 uberiores,
1124 713 1166 752 &
1194 712 1454 761 salubriores,
1482 712 1523 752 δι

257 770 484 824 frigidiores
504 785 631 824 aquae
652 773 925 814 inveniuntur.
956 773 1254 827 Campestribus
1282 787 1414 814 autem
1437 773 1525 813 fon-

256 834 365 875 tibus
386 833 526 881 salsae,
549 834 590 873 &
612 847 775 887 graves,
803 837 842 876 &
863 836 1044 889 tepidae,
1077 837 1118 878 ὅ(
1139 849 1219 876 non
1238 833 1377 877 suaves
1393 848 1523 876 erunt.

258 896 334 935 Sed
351 896 379 934 si
395 895 510 948 sapor
527 896 657 936 bonus
682 897 888 937 invenitur
903 928 915 945 ,
949 897 1047 937 scito
1067 911 1132 937 eas
1155 899 1203 938 de
1226 899 1428 938 montibus
1455 897 1526 937 sub

257 968 366 997 terra
388 959 526 997 venire
554 959 593 997 in
611 959 762 998 medios
791 972 978 1011 campos;
1010 960 1145 1012 ibique
1168 960 1316 999 umbris
1337 961 1525 999 arborum

259 1021 467 1060 comeaae
493 1020 741 1073 praestabunt
766 1033 1050 1061 montanorum
1077 1021 1249 1061 fontium
1275 1021 1524 1061 suavitatem.

258 1082 376 1135 Signa
408 1094 539 1122 autem
574 1084 870 1136 investigandae
899 1096 1027 1136 aquae
1058 1084 1132 1125 alia
1166 1085 1394 1125 huiusmodi
1420 1085 1529 1123 inve-

258 1146 431 1186 nientur.
475 1145 629 1185 Tenuis
655 1147 823 1194 iuncus,
861 1145 954 1184 salix
982 1147 1179 1195 erratica,
1211 1146 1345 1195 alnus,
1385 1147 1520 1194 vitex,

257 1210 434 1254 arundo,
465 1211 634 1256 hedera,
667 1211 741 1249 alia
767 1222 958 1261 quoque,
992 1222 1094 1261 quae
1119 1209 1197 1248 fine
1230 1210 1399 1248 humore
1424 1208 1528 1247 nasci

257 1285 342 1313 non
368 1272 538 1326 poslunt.
571 1272 752 1324 Quando
780 1285 914 1311 autem
941 1274 980 1311 in
1011 1273 1161 1311 lacunis
1194 1271 1328 1311 similia
1364 1270 1529 1312 nascun-

258 1344 348 1382 tur,
378 1333 493 1374 facile
517 1335 576 1374 his
604 1334 845 1375 credendum
872 1347 952 1373 non
982 1334 1048 1373 est.
1087 1334 1228 1388 ltaque
1257 1335 1309 1374 slC
1332 1335 1528 1374 inventio-

259 1408 331 1436 nes
358 1409 483 1450 aquae
512 1397 710 1450 probabis.
746 1398 938 1437 Fodiatur
965 1409 1062 1450 ergo
1091 1397 1159 1437 ubi
1186 1397 1286 1437 haec
1312 1396 1415 1450 signa
1438 1395 1527 1436 fue—

260 1471 356 1499 runt
383 1461 568 1508 inventa,
597 1475 647 1500 ne
672 1463 801 1501 minus
825 1464 864 1501 in
894 1463 1140 1502 latitudinem
1160 1464 1280 1515 pedes
1308 1461 1380 1500 III.
1407 1462 1446 1500 in
1470 1460 1527 1499 al-

262 1521 474 1560 titudinem
489 1524 610 1576 pedes
633 1524 685 1562 V.
705 1524 746 1563 δι
764 1526 869 1563 circa
891 1525 982 1563 solis
1005 1524 1189 1564 occasum
1210 1536 1282 1562 vas
1302 1523 1527 1575 plumbeum

262 1594 333 1621 aut
361 1595 547 1631 aeneum,
581 1584 771 1624 mundum
812 1585 1070 1633 intrinsecus,
1104 1585 1338 1639 perunfiium
1366 1586 1458 1625 oleo
1489 1586 1530 1624 in

261 1644 380 1683 imam
405 1642 592 1683 fossuram
619 1644 821 1684 inversum
845 1646 1093 1693 collocetur3
1127 1645 1324 1698 supraque
1342 1644 1531 1684 fossuram

261 1703 471 1745 frondibus
497 1704 564 1743 vel
593 1705 849 1744 arundinibus
879 1704 994 1745 miffis
1023 1716 1128 1744 terra
1157 1706 1379 1745 inducatur.
1430 1705 1530 1745 Item

263 1766 340 1805 alia
366 1765 427 1804 die
459 1766 685 1818 aperiatur3
725 1766 765 1806 ἃ
791 1765 818 1804 si
849 1765 1012 1807 sudores
1043 1778 1113 1806 aut
1135 1766 1256 1806 stillae
1280 1768 1320 1806 in
1348 1765 1439 1806 vase
1472 1768 1532 1806 in·

262 1829 503 1874 veniamur,
549 1827 582 1866 is
619 1827 732 1866 locus
767 1827 847 1866 sine
889 1827 1140 1867 dubitatione
1174 1841 1316 1881 aquam
1356 1828 1528 1868 habebit.

260 1889 361 1930 Item
383 1888 409 1926 si
441 1902 517 1928 vas
545 1902 593 1929 ex
621 1901 731 1928 creta
762 1889 907 1929 siccum
935 1902 1016 1930 non
1043 1889 1196 1929 eodum
1238 1891 1373 1928 eadem
1406 1891 1533 1929 ratio·

261 1965 313 1990 ne
331 1952 451 1991 fuerit
471 1983 482 2000 ,
507 1951 535 1990 fi
561 1953 594 1992 is
622 1952 736 1992 locus
761 1965 903 2005 aquam
937 1953 1097 1991 habebit
1114 1983 1125 1999 ‚
1156 1952 1236 1991 alio
1260 1953 1323 1990 die
1357 1965 1429 1991 vas
1457 1952 1531 1992 hu-

263 2029 378 2055 more
409 2014 582 2055 solutum
624 2017 865 2055 invenietur.
910 2016 1048 2055 Velius
1077 2016 1190 2055 lanae
1219 2016 1393 2055 similiter
1417 2017 1455 2054 in
1483 2028 1533 2054 eo

262 2076 358 2115 loco
382 2076 548 2128 positum
566 2107 576 2125 ‚
605 2076 630 2115 st
657 2087 812 2116 tantum
840 2077 1014 2117 humoris
1039 2078 1270 2130 collegerit,
1300 2088 1344 2117 ut
1366 2078 1439 2116 alia
1467 2078 1531 2116 die

263 2138 430 2189 exprimi
463 2138 602 2190 poffit,
643 2151 821 2191 magnam
860 2139 1016 2190 copiam
1058 2152 1183 2191 aquae
1216 2140 1350 2179 locum
1386 2139 1532 2178 habere

262 2197 468 2250 fignificat.
502 2199 682 2239 Lucerna
708 2201 823 2253 plena
848 2199 942 2238 oleo
964 2200 1120 2239 incensa
1144 2199 1170 2239 fi
1199 2202 1237 2239 in
1264 2201 1404 2240 eodem
1438 2201 1530 2239 loco

263 2257 435 2299 {imiliter
460 2261 650 2313 adoperta
680 2262 719 2299 in
749 2260 822 2299 alia
851 2260 914 2298 die
936 2259 1074 2300 lucens
1102 2260 1222 2301 fuerit
1248 2263 1440 2308 inventa,
1470 2262 1533 2300 in-

265 2320 438 2369 dicabit,
484 2335 573 2361 euin
609 2323 742 2362 locum
774 2335 916 2374 aquam
956 2322 1129 2371 habere3
1172 2336 1386 2377 propterea
1422 2321 1530 2374 quod

267 2382 396 2423 omnis
421 2383 530 2423 calor
553 2385 601 2423 ad
625 2384 662 2424 se
686 2383 807 2424 trahit
835 2382 1058 2424 humorem.
1106 2384 1206 2425 Item
1233 2387 1274 2425 in
1306 2385 1446 2424 eodem
1468 2383 1533 2422 lo-
