1600 2902
255 211 337 257 DE
370 210 853 258 ARCHITECTURA
887 211 992 257 LIB.
1024 211 1127 258 VII.
1228 228 1320 277 217

67 338 117 369 re
146 321 400 375 subtiliter,
437 320 477 364 ὃς
503 321 762 383 laevigatur.
798 321 920 365 Ante
949 320 997 364 id
1031 321 1082 365 fit
1102 319 1318 365 fornacu-

67 397 110 439 la
142 395 310 438 habens
340 393 387 437 in
418 393 680 438 laconicum
713 409 839 438 nares
859 428 872 449 ‚
918 394 958 439 Sc
986 394 1080 438 eius
1114 392 1319 454 praefut-

66 467 197 511 nium
229 482 392 528 magna
425 466 662 528 diligentia
694 467 1019 526 comprimitur
1040 501 1054 522 ‚
1091 482 1150 511 ne
1186 465 1319 510 flam-

64 555 141 584 ma
174 550 300 583 extra
334 540 581 599 dissipetur.
629 540 684 583 In
726 539 909 584 fornace
941 540 1083 584 resina
1120 540 1320 584 colloca-

64 622 205 655 catur.
248 610 380 655 Hanc
414 621 569 656 autem
608 609 723 672 ignis
753 611 949 669 potestas
979 610 1161 655 urendo
1192 609 1318 673 cogit

64 683 275 726 emittere
315 698 401 742 per
439 697 564 726 nares
606 682 723 726 intra
758 683 1020 728 laconicum
1058 683 1315 746 fuliginem.

66 755 203 822 Quae
234 756 346 800 circa
379 756 600 815 parietem
626 755 666 799 Sc
684 771 889 800 camerae
918 770 1212 802 curvaturam
1243 755 1317 801 ad-

63 826 280 871 haerescit
301 861 314 882 ,
352 826 461 870 inde
497 824 689 871 colletsta
720 828 886 885 partim
926 832 1228 886 componitur
1258 843 1318 872 ex

61 901 244 961 gummi
278 897 463 944 sabatio
492 900 549 944 ad
583 899 717 944 usum
748 900 992 944 atramenti
1021 899 1216 950 librarii3
1247 915 1317 944 re·

62 974 190 1031 liqua
223 962 703 1034 teoloressglutinum
730 972 1059 1027 admiscentes,
1091 972 1138 1014 in
1168 971 1318 1030 parie-

61 1046 184 1092 tibus
221 1056 430 1090 utuntur.
483 1044 527 1089 Si
565 1055 723 1089 autem
764 1046 848 1089 hae
883 1045 1044 1104 copiae
1082 1059 1181 1087 non
1215 1043 1318 1088 fue-

59 1119 152 1163 rint
182 1129 384 1178 paratae,
418 1117 480 1163 ita
509 1119 846 1164 neceffitatibus
879 1118 961 1162 erit
991 1116 1315 1161 administran-

62 1189 177 1235 dum
201 1222 213 1243 ,
254 1204 313 1233 ne
348 1190 688 1250 exlpecflatione
719 1206 875 1234 morae
909 1205 974 1233 res
1010 1189 1313 1232 retineantur.

62 1260 303 1306 Sarmenta
361 1276 441 1306 aut
487 1262 645 1307 taedae
700 1262 896 1306 schidiae
947 1261 1314 1305 comburantur:

60 1351 170 1380 cum
204 1345 339 1379 erunt
369 1336 616 1390 carbones,
647 1335 1006 1396 exstinguantur.
1046 1333 1231 1377 Deinde
1264 1333 1315 1377 in

61 1407 281 1451 mortario
329 1423 435 1451 cum
476 1408 658 1469 glutino
703 1419 936 1451 terantur:
988 1407 1049 1449 ita
1087 1405 1171 1449 erit
1202 1414 1318 1448 atra-

58 1494 275 1524 mentum
309 1476 558 1523 tectoribus
588 1495 684 1524 non
717 1479 1027 1523 invenustum.
1093 1479 1204 1523 Non
1231 1476 1317 1520 mi-

58 1569 145 1599 nus
174 1553 202 1596 sl
233 1551 306 1596 fex
341 1552 435 1596 vini
467 1548 657 1596 arefaCta
688 1551 727 1596 Sc
758 1549 886 1596 cotia
918 1552 965 1595 in
997 1551 1182 1596 fornace
1210 1550 1315 1594 fue-

56 1624 148 1679 rit,
185 1624 226 1670 gc
256 1640 306 1668 ea
335 1623 530 1669 contrita
562 1640 672 1668 cum
706 1624 889 1687 glutino
921 1625 968 1668 in
1002 1640 1144 1683 opere
1175 1623 1313 1668 indu-

57 1710 216 1751 cetur,
249 1714 476 1756 perquam
504 1697 746 1742 atramenti
778 1697 964 1742 suavem
995 1697 1157 1741 efficiet
1182 1697 1314 1741 colo-

58 1787 181 1818 rem3
220 1769 260 1814 8c
295 1786 393 1828 quo
424 1773 563 1832 magis
587 1787 644 1815 ex
678 1772 870 1815 meliore
906 1771 1017 1813 vino
1050 1769 1313 1829 parabitur,

58 1855 156 1884 non
184 1839 330 1884 modo
356 1843 621 1897 atramenti,
651 1842 728 1886 sed
755 1843 891 1887 etiam
927 1841 1071 1887 indici
1100 1843 1308 1887 colorem

61 1913 190 1957 dabit
224 1912 402 1957 imitari.

423 2024 761 2071 CAPUT
826 2027 942 2072 XI.

441 2113 512 2157 De
545 2115 731 2159 caeruleo
766 2115 804 2158 <b
834 2117 937 2176 issa.

138 2192 346 2239 Caerulei
381 2197 734 2256 temperationes
765 2197 1067 2243 Alexandriae
1096 2198 1310 2257 primum

58 2263 161 2310 sunt
201 2268 439 2312 inventae:
483 2270 635 2329 postca
680 2271 790 2315 item
832 2271 1065 2315 Vestorius
1103 2269 1311 2314 Puteolis

58 2340 249 2385 instituit
283 2341 569 2387 faciundum.
618 2344 751 2388 Ratio
792 2356 945 2389 autem
989 2344 1081 2388 eius
1113 2360 1222 2387 cum
1256 2343 1308 2387 iis

57 2411 223 2465 rebus,
254 2428 277 2454 e
308 2412 481 2470 quibus
513 2413 573 2457 est
611 2414 794 2459 inventa
816 2447 827 2467 ,
861 2414 956 2457 satis
993 2413 1130 2456 habet
1157 2413 1309 2456 admi-

56 2484 255 2528 rationis.
297 2485 447 2530 Arena
476 2486 601 2531 enim
631 2502 739 2532 cum
774 2486 881 2532 nitri
908 2485 1022 2533 ssore
1049 2484 1304 2533 conteritur
