1600 2902
243 218 325 266 DE
355 217 842 268 ARcHrrECTURA
880 220 989 268 Lm,
1023 222 1126 268 vn.
1226 235 1280 270 21
1289 232 1321 285 ς

73 329 184 374 item
205 327 414 386 pluribus
441 329 551 372 Iocis
586 327 807 383 nascitur,
843 327 919 372 sed
951 328 1130 388 optima
1163 325 1322 388 Smyr⁴

74 416 173 445 nae.
205 398 336 445 Hanc
369 412 527 444 autem
556 400 717 445 Graeci
739 402 926 443 θεοδότων
951 409 1150 454 vocant,
1185 396 1325 457 quod>

75 470 349 516 Theodotus
388 472 581 517 nomine
622 472 797 527 fuerat,
839 472 970 517 cuius
1001 471 1047 515 in
1081 470 1236 516 fundo
1271 467 1324 514 id

74 559 218 605 genus
241 556 387 589 cretae
406 546 613 604 primum
632 545 694 589 est
709 536 1326 605 inventumssAuripigmen-

75 626 178 660 tum
201 650 213 671 ,
235 617 369 675 quod
389 619 576 675 o’cpcss'vmw
596 616 766 660 Graece
787 615 980 670 dicitur,
1015 615 1190 660 foditur
1207 616 1326 659 Pon-

72 697 134 732 to,
174 687 427 735 sandaraca
466 691 577 733 item
612 689 825 749 pluribus
858 688 988 743 locis,
1024 687 1102 732 sed
1146 688 1326 747 optima

73 759 257 817 Ponto,
283 762 497 821 proxime
523 759 703 806 flumen
730 760 971 822 Hypanim
994 760 1134 804 habet
1163 759 1329 803 metal-

74 833 188 877 lum.
229 834 339 877 Aliis
371 834 504 889 locis,
544 843 598 878 ut
635 833 754 877 inter
789 833 1045 894 Magnesiae
1081 831 1122 876 8c
1159 830 1328 890 Ephesl

74 904 215 962 fines,
249 906 355 951 sunt
396 907 499 951 loca
538 905 669 951 unde
713 905 936 950 effoditur
969 914 1145 964 parata,
1182 919 1328 961 quam

74 993 160 1022 nec
202 980 408 1034 molere,
447 993 534 1022 nec
571 993 758 1023 cernere
791 993 909 1036 opus
944 976 1036 1031 est,
1076 974 1154 1019 fed
1184 974 1241 1018 fic
1264 973 1328 1018 est

73 1049 273 1104 subtilis,
314 1049 723 1110 quemadmodum
755 1049 787 1093 fi
817 1064 910 1108 qua
943 1047 1006 1093 est
1034 1062 1181 1092 manu
1212 1060 1328 1092 con-

4 1177 7 1181 .
72 1119 172 1164 tusa
200 1121 240 1168 Sc
264 1121 484 1167 subereta.

443 1237 718 1284 CAPUT
782 1236 960 1284 VIII.

371 1330 440 1375 De
471 1333 598 1375 minio
637 1332 676 1374 dy
706 1342 880 1390 argento
915 1330 1022 1374 vivo.

139 1416 374 1478 Ingrediar
408 1431 536 1461 nunc
572 1417 706 1461 minii
735 1415 934 1460 rationes
978 1414 1219 1473 explicare.
1274 1414 1331 1460 Id

75 1497 232 1531 autern
265 1489 375 1550 agris
411 1487 714 1547 Ephesiorum
745 1487 965 1532 Cilbianis
993 1487 1201 1545 primum
1230 1503 1332 1532 me-

74 1571 283 1605 moratur
321 1560 405 1606 effe
449 1562 728 1615 inventum,
767 1559 897 1603 cuius
943 1557 983 1603 Sc
1018 1574 1088 1601 res
1129 1557 1169 1602 8c
1212 1559 1332 1602 ratio

74 1629 174 1675 satis
205 1647 389 1692 magnas
421 1630 562 1675 habet
598 1628 939 1674 admirationes.
974 1627 1170 1672 Foditur
1203 1629 1332 1673 enim

74 1703 236 1765 gleba,
281 1701 434 1764 (quae
475 1704 670 1747 anthrax
702 1701 906 1755 dicitur,
956 1712 1209 1758 antequam
1246 1712 1333 1744 tra-

77 1773 354 1820 elationibus
379 1775 437 1819 ad
462 1774 659 1818 minium
677 1773 977 1832 perveniat,)
1011 1789 1130 1817 vena
1154 1772 1222 1817 uti
1244 1773 1335 1818 fer-

76 1863 156 1891 reo
197 1848 335 1908 magis
373 1846 568 1891 subrufo
607 1847 788 1900 colore,
829 1846 1003 1891 habens
1035 1846 1152 1890 circa
1174 1846 1218 1890 se
1257 1862 1336 1890 ru·-

78 1916 216 1960 brum
241 1918 498 1975 pulverem.
536 1915 656 1960 Cum
681 1916 729 1959 id
750 1915 957 1970 foditur,
991 1932 1050 1960 ex
1085 1916 1226 1976 plagis
1245 1915 1338 1959 ser-

77 1999 396 2032 ramentorum
429 1988 605 2032 crebras
636 1987 810 2031 emittit
843 1987 1053 2031 lacrimas
1079 1986 1254 2048 argenti
1273 1986 1338 2030 vi·

77 2058 145 2113 vi,
183 2076 302 2117 quae
342 2078 366 2105 a
408 2060 650 2104 folloribus
694 2060 840 2104 statim
882 2060 1187 2120 colliguntur.
1236 2059 1338 2104 Hae

77 2130 239 2191 glebae
273 2147 383 2174 cum
411 2127 629 2174 collefflae
648 2131 752 2175 sunt
782 2131 828 2175 in
854 2131 1109 2184 officinam,
1145 2140 1340 2188 propter-

80 2202 286 2247 humoris
319 2203 590 2261 plenitatem
629 2204 944 2248 coniiciuntur
987 2203 1034 2246 in
1074 2202 1338 2257 fornacem,

80 2284 134 2317 ut
168 2274 510 2318 interarescant:
575 2274 614 2318 8c
648 2274 681 2318 is
711 2276 793 2334 qui
835 2291 890 2319 ex
924 2275 992 2318 his
1029 2274 1086 2318 ab
1121 2273 1234 2335 ignis
1265 2290 1341 2317 va-

78 2362 193 2405 pore
241 2346 395 2391 fumus
440 2347 700 2402 suscitatur,
752 2364 860 2392 cum
898 2346 1062 2391 resedit
1106 2346 1152 2389 in
1188 2346 1340 2390 solnm

80 2421 232 2475 furni,
263 2419 494 2463 invenitur
531 2418 614 2462 effe
655 2432 900 2482 argentum
938 2419 1115 2461 vivum.
1168 2416 1340 2460 Exem-

77 2493 167 2553 ptis
204 2491 378 2555 glebi5‚
411 2500 569 2555 guttae
597 2506 705 2548 eae,
741 2507 862 2551 quae
901 2489 1194 2545 residebunt,
1231 2505 1343 2550 pro-

979 2553 1087 2615 03
