2912 4368
1360 900 1456 951 304
1611 880 1679 927 M.
1712 878 2004 927 vrrvan
2035 878 2371 927 PoLuoNJs

1359 1005 1549 1045 catum,
1584 1003 1683 1048 quo
1705 987 1977 1032 continetur
2004 986 2125 1042 axis,
2163 988 2340 1033 habens
2369 988 2418 1034 in
2436 987 2624 1034 summo

1358 1063 1510 1124 capite
1540 1061 1822 1106 subscudem
1860 1060 2055 1103 ferream
2074 1093 2086 1114 7
2123 1075 2217 1117 qua
2249 1062 2375 1105 mola
2405 1062 2623 1105 contine-

1357 1149 1448 1181 tur.
1482 1135 1548 1179 Ita
1573 1134 1737 1179 dentes
1768 1133 1864 1177 eius
1898 1130 2145 1191 tympani,
2188 1132 2321 1190 quod
2355 1133 2417 1177 est
2455 1134 2502 1178 in
2535 1149 2622 1177 axe

1356 1209 1621 1263 inclusum,
1663 1206 1955 1266 impellendo
1998 1205 2162 1249 dentes
2207 1207 2419 1265 tympani
2466 1207 2625 1267 plani,

1357 1292 1537 1343 cogunt
1569 1278 1665 1323 fieri
1683 1280 1915 1323 molarum
1940 1277 2287 1321 circinationem
2306 1311 2318 1331 .,
2342 1276 2389 1321 in
2416 1294 2509 1337 qua
2533 1297 2625 1325 ma·

1357 1355 1495 1399 china
1514 1352 1793 1414 impendens
1814 1350 2177 1395 infundibulum
2202 1350 2512 1396 subministrat
2529 1369 2627 1397 mo·

1355 1427 1410 1472 lis
1446 1426 1769 1482 frumentum,
1813 1422 1853 1469 8(
1894 1422 2059 1468 eadem
2102 1422 2355 1468 versatione
2398 1423 2624 1487 subigitur

1355 1501 1514 1546 farina.

1732 1601 2070 1649 CAPUT
2137 1602 2251 1647 XI.

1322 1690 1336 1701 '²
1355 1684 1427 1731 De
1459 1685 1653 1734 cochlea,
1698 1701 1802 1746 quae
1834 1701 2037 1744 magnam
2071 1685 2227 1746 copiam
2258 1686 2429 1730 extollit
2462 1704 2622 1748 aquae,

1761 1758 1845 1817 sed
1874 1774 1954 1802 non
1991 1769 2083 1820 ‘tam
2113 1758 2209 1802 alte.

1436 1855 1514 1900 Est
1552 1864 1713 1900 autem
1756 1854 1893 1898 etiam
1933 1855 2152 1899 cochleae
2183 1854 2328 1909 ratio,
2365 1871 2487 1914 qnae
2524 1873 2625 1900 ma·-

1355 1944 1496 1991 gnam
1516 1927 1612 1971 vim
1638 1926 1792 1970 haurit
1812 1942 1963 1985 aquae
1980 1960 1992 1981 ‚
2022 1926 2101 1971 sed
2121 1943 2220 1971 non
2248 1940 2343 1971 tarn
2361 1929 2451 1973 alte
2471 1928 2595 1975 tollit
2613 1962 2627 1985 ‚

1355 2017 1504 2060 quam
1526 2011 1638 2044 rota.
1673 1997 1779 2043 Eius
1814 2009 1973 2043 autem
1999 1998 2116 2044 ratio
2147 2000 2203 2044 {ic
2233 2000 2497 2060 expeditur.
2540 2001 2625 2046 Ti-

1357 2090 1506 2137 gnum
1533 2072 1756 2127 sumitur,
1779 2072 1910 2116 cuius
1942 2071 2059 2135 tigni
2079 2083 2254 2131 quanta
2274 2071 2412 2117 fuerit
2439 2074 2621 2132 pedum

1356 2146 1643 2209 longitudo,
1677 2156 1804 2189 tanta
1847 2145 2102 2208 digitorum
2143 2146 2393 2205 expeditur
2423 2147 2623 2191 crassitu-

1359 2220 1453 2264 do:
1498 2219 1547 2263 id
1576 2218 1635 2262 ad
1675 2219 1904 2263 circinum
1948 2218 2246 2262 rotundatur.
2305 2219 2358 2262 In
2398 2218 2624 2278 capitibus

1357 2292 1532 2338 circino
1571 2290 1853 2335 dividuntur
1884 2290 2203 2334 circinationes
2233 2307 2394 2333 eorum
2418 2291 2626 2335 tetranti-

1359 2362 1447 2407 bus
1466 2363 1513 2405 in
1544 2371 1693 2420 partes
1733 2371 1968 2418 quatuor,
2003 2362 2078 2404 vel
2103 2356 2365 2404 otiantibus
2394 2361 2440 2404 in
2470 2372 2623 2420 partes

1359 2431 1493 2490 οξὶο,
1525 2429 1673 2477 ductis
1709 2432 1861 2476 lineis:
1897 2448 2074 2491 eaeque
2104 2432 2252 2475 lineae
2295 2432 2355 2475 ita
2385 2434 2624 2478 collocen-

1358 2520 1460 2562 tur,
1496 2517 1550 2551 ut
1571 2505 1617 2549 in
1637 2506 1779 2565 plano
1798 2505 1947 2564 posito
1969 2504 2100 2566 tigno
2118 2503 2178 2547 ad
2202 2503 2405 2547 libellam
2420 2538 2431 2558 ,
2458 2507 2625 2550 utrius·

1359 2597 1459 2640 que
1487 2578 1645 2639 capitis
1679 2578 1826 2622 lineae
1858 2578 1976 2621 inter
2012 2576 2055 2620 se
2087 2575 2398 2635 respondeant
2430 2575 2486 2619 ad
2514 2593 2624 2636 per-

1359 2652 1700 2713 pendiculum:
1735 2650 1793 2694 ab
1824 2650 1890 2693 his
1918 2648 2094 2693 deinde
2122 2665 2146 2692 a
2165 2645 2315 2706 capite
2343 2647 2400 2690 ad
2423 2649 2623 2692 alterum

1358 2739 1502 2786 caput
1521 2726 1668 2769 lineae
1683 2722 2002 2783 perducantur
2019 2719 2364 2774 convenientes7
2387 2720 2453 2763 uti
2476 2736 2624 2779 quam

1359 2816 1527 2861 magna
1559 2798 1643 2842 erit
1673 2813 1774 2857 pars
1813 2791 1973 2840 octava
2006 2790 2312 2837 circinationis
2339 2791 2483 2852 tigni,
2525 2804 2622 2838 tam

1359 2875 1536 2936 magnis
1585 2872 1734 2932 spatiis
1779 2870 1948 2914 distent
1997 2867 2258 2912 secundum
2306 2866 2619 2911 latitudinem.

1358 2945 1434 2991 Sic
1466 2947 1506 2992 84·
1536 2946 1583 2990 in
1615 2942 1954 2989 rotundatione
1985 2941 2024 2984 Sc
2058 2941 2105 2984 in
2130 2939 2428 2998 longitudine
2455 2955 2623 2997 aequa-

1357 3019 1416 3062 lia
1447 3017 1588 3077 spatia
1618 3017 1744 3060 fient.
1767 3016 1835 3060 Ita
1858 3030 1957 3073 quo
1980 3011 2069 3056 loci
2102 3011 2428 3055 describuntur
2446 3013 2617 3059 lineae„

1360 3106 1481 3150 quae
1509 3091 1614 3135 sunt
1648 3090 1694 3134 in
1725 3087 2025 3150 longitudine
2061 3082 2313 3144 specstantes
2334 3120 2346 3140 7
2382 3084 2619 3128 faciendae

1358 3165 1690 3210 decussationes
1709 3197 1722 3219 2
1758 3164 1799 3208 Sc
1831 3163 1881 3206 in
1919 3158 2311 3206 decuflationibus
2342 3159 2470 3203 finita
2496 3173 2624 3216 pun-
