1600 2902
584 185 948 243 VITA.
1341 199 1400 233 lx

56 284 62 289 ¹
120 294 314 350 gnitudo‚
337 294 597 344 excellentia,
618 294 660 335 &
676 305 810 334 rerum
836 294 876 334 in
904 305 955 333 eo
977 290 1255 346 congestarum
1278 290 1398 344 copia

119 358 486 405 animadvertatur,
527 357 568 396 in
595 356 676 396 hoc
700 366 831 395 totum
849 352 961 395 fuiffe
976 384 987 402 ‚
1005 348 1049 393 δι’
1072 364 1229 406 tempus
1253 364 1398 399 omne,

119 419 229 471 quod
250 430 333 459 tum
355 419 523 472 publicis
537 448 549 466 ,
589 429 676 457 tum
700 415 922 458 domesticis
941 415 1278 469 occupationibus
1303 412 1400 453 sub-

120 482 268 530 traxit,
298 482 392 522 huic
420 479 678 534 impendisse,
709 491 831 519 nemo
858 489 904 518 ut
940 478 1114 519 arbitror
1141 475 1394 518 dubitaverit.

121 542 278 584 Multos
312 544 452 584 habuit
480 543 708 598 praeclarus
737 541 806 581 iste
841 540 953 580 labor
985 541 1238 587 laudatores,
1269 538 1398 578 admi·-

119 617 277 646 ratores
305 619 496 660 quoque,
537 605 602 646 sed
628 618 702 646 nec
732 616 883 658 paucos
912 602 1163 656 sugillatores
1195 599 1397 641 detratio-

118 677 278 719 resque.
328 669 412 707 Leo
440 668 544 707 enim
576 667 768 706 Albertus
797 666 837 704 in
875 665 1009 704 limine
1058 664 1153 704 sexti
1186 664 1301 711 libri,
1335 663 1398 702 his

117 728 253 767 verbis
281 730 366 769 eius
390 729 621 781 <lignitatem
645 728 866 768 diminuere
901 737 1099 768 conatur:
1135 727 1297 777 Namque
1329 726 1395 763 do-

117 789 232 828 lebant
258 791 423 843 quidam,
452 791 531 837 ait,
555 802 636 831 ,tam
663 790 773 829 multa
800 801 936 840 tamque
958 787 1219 841 praeclariffi‘ma
1239 786 1395 839 scripto·-

117 867 193 891 rum
224 865 440 892 monumenta
468 852 650 905 interiff,
681 865 865 904 temporum
902 851 1139 902 hominumque
1170 850 1325 895 iniuria,
1354 860 1395 888 ut

118 914 183 953 vix
207 930 312 953 unum
338 929 380 953 ex
405 926 503 953 tanto
520 913 705 968 naufragio
730 915 926 954 Vitruvium
944 914 1153 970 superstitem
1171 914 1393 959 haberemus,

108 975 303 1029 scriptorem
328 979 454 1027 procul
479 978 582 1017 dubio
617 977 920 1031 instmfz‘tffimum,
957 978 1021 1029 sed
1051 978 1100 1016 ita
1124 977 1274 1029 affct‘lum
1307 988 1394 1014 tem-

106 1038 235 1090 pestate
257 1051 358 1091 atque
386 1042 534 1080 lacerum
549 1069 564 1086 ,
605 1052 645 1078 ut
668 1040 787 1078 multis
815 1041 903 1080 locis
929 1042 1041 1079 multa
1068 1042 1196 1092 defint,
1221 1040 1255 1078 ἐξ)
1277 1038 1393 1079 multis

109 1101 266 1152 plurima
300 1104 474 1155 defideres.
511 1103 735 1150 Accedebat,
762 1105 855 1156 quod
872 1104 934 1156 isla
970 1103 1161 1156 tradidzffet
1187 1118 1253 1141 tren
1278 1102 1388 1142 culta„

111 1162 176 1202 Sic
212 1163 298 1203 enim
337 1165 560 1218 loquebatur,
601 1178 640 1205 ut
670 1166 816 1213 Latini,
874 1167 1047 1206 Graccum
1086 1167 1190 1204 videri
1224 1164 1391 1217 voluzffe,

114 1224 265 1271 Graeci,
290 1226 441 1265 locutum
473 1225 622 1272 Latine,
655 1226 910 1269 vaticinentur:
937 1241 988 1266 res
1017 1239 1127 1266 autem
1153 1227 1229 1279 ipsa
1259 1227 1296 1265 ἰη
1319 1225 1391 1278 ses-'t

106 1287 335 1340 porrigenda,
365 1304 469 1340 neque
491 1289 678 1336 Latinum,
708 1303 812 1341 neque
838 1289 1005 1330 Graecum
1027 1287 1137 1341 futffe
1166 1291 1318 1342 testetur,
1349 1298 1389 1325 ut

106 1362 176 1401 par
190 1351 263 1400 fit,
294 1365 363 1389 non
385 1351 556 1404 scrt'pfiffe
583 1352 676 1390 hunc
708 1352 835 1398 nobis,
862 1353 924 1404 qui
947 1351 1000 1390 ita
1021 1351 1220 1405 scripserit,
1250 1363 1288 1389 ut
1315 1364 1385 1389 non

108 1410 355 1464 intelligamus.
386 1411 585 1452 Hauenus
609 1412 699 1460 ille,
721 1413 762 1452 ὃ(
785 1411 876 1452 satis
900 1413 1142 1452 immodeste.
1187 1413 1242 1452 At
1265 1412 1385 1464 longe

107 1472 443 1514 immodestiffime
474 1474 753 1525 Hieronymus
778 1474 1032 1515 Mercurialis
1059 1476 1100 1515 in
1129 1475 1230 1515 libro
1262 1475 1311 1513 de
1342 1485 1387 1513 re

104 1536 375 1588 gymnastica;
402 1538 454 1576 ita
482 1538 588 1577 enim
612 1537 820 1590 loquitur:
851 1539 1008 1578 Vitruvii
1028 1539 1261 1578 auctoritatem
1286 1553 1387 1577 nun·—

103 1614 206 1651 quam
236 1601 335 1640 multi
357 1600 557 1652 fhciendam
588 1601 806 1654 existimavi,
855 1616 968 1655 nempe
999 1617 1093 1656 quem
1118 1601 1389 1654 erdpotsogc'am-

103 1676 174 1715 7ου
189 1693 200 1710 ,
220 1663 255 1701 6³
271 1662 344 1714 sua
368 1675 478 1702 aetate
495 1663 627 1702 minime
646 1665 856 1717 aestimatum
873 1676 974 1717 puto.
1009 1665 1118 1716 Quod
1134 1665 1220 1703 enim
1239 1665 1285 1703 ab
1300 1665 1386 1702 Au·

99 1725 196 1778 gusto
219 1725 325 1763 nullis
351 1725 492 1778 egregiis
502 1726 675 1776 fabricis,
708 1728 777 1777 ntfi
794 1727 880 1779 solis
900 1728 1070 1780 ballistis,
1094 1726 1282 1781 praefiHus
1299 1725 1386 1778 fite-

101 1786 167 1831 rit,
210 1788 346 1838 quando
374 1786 510 1839 scilicet
541 1790 580 1827 in
612 1790 715 1835 urbe,
746 1790 780 1828 e>
806 1802 903 1829 extra
935 1792 1043 1828 urbem
1069 1789 1256 1841 magnifica
1283 1789 1385 1829 aedi-

94 1846 184 1896 ficia
216 1849 491 1901 exstruebantur,
531 1852 622 1902 quod
653 1851 751 1889 etiam
783 1868 806 1891 a
829 1852 929 1890 nullo
944 1853 1017 1902 ftre
1044 1853 1223 1904 posteriore
1249 1855 1382 1893 auttosse

101 1906 297 1947 nominatus
326 1909 546 1957 investiatur,
568 1924 808 1964 praeterquam
836 1916 872 1952 in
899 1915 1049 1966 capitum
1077 1914 1190 1953 Plinii
1216 1916 1378 1955 librorum

100 1970 281 2022 catalogo,
313 1972 372 2023 qui
403 1973 448 2009 ab
473 1974 652 2025 aliquibus
679 1976 813 2014 minime
838 1977 1029 2016 Plinianus
1042 2006 1056 2024 ,
1083 1978 1139 2015 vel
1156 1977 1280 2028 Jbltem
1307 1980 1378 2016 ad·-

100 2031 266 2071 ulteratus
287 2048 434 2086 putatur
449 2067 461 2082 ‚
504 2051 664 2089 magnam
695 2052 774 2081 certe
799 2042 902 2093 ipsius
925 2042 1184 2093 existimationis
1202 2042 1380 2095 suspicio-

100 2108 174 2131 nem
202 2098 318 2135 merito
341 2100 449 2150 parit.
497 2099 608 2140 Haec
638 2102 904 2143 Mercurialis.
954 2104 1113 2143 Acerbe
1137 2104 1301 2144 nimium
1333 2105 1375 2144 in

101 2156 301 2198 auctorem
334 2163 531 2214 probum,
561 2166 772 2206 candidum
791 2198 801 2213 ‚
823 2167 863 2206 &
881 2166 935 2206 nil
960 2167 1038 2206 tale
1064 2168 1263 2206 meritum.
1291 2167 1374 2207 Ce-

100 2227 230 2257 terum
263 2231 311 2259 an
336 2221 444 2263 Plinii
472 2226 678 2279 catalogus
711 2228 951 2281 depravatus
976 2228 1048 2275 sit,
1079 2228 1174 2267 nihil
1207 2242 1372 2278 moror,

98 2293 191 2321 cum
217 2280 306 2321 satis
329 2296 462 2335 aperte
485 2288 709 2341 legentibus
733 2291 903 2339 constet,
938 2291 1104 2330 Plinium
1124 2290 1373 2344 quampluri-

99 2355 161 2382 ma
187 2343 266 2384 hoc
299 2344 348 2382 de
366 2345 609 2390 Virmn-iano
635 2364 740 2404 penu
767 2353 1066 2406 deprompsisse,
1092 2364 1167 2392 nec
1200 2353 1369 2394 Plinium

94 2404 242 2452 modo,
279 2404 340 2444 sed
358 2407 571 2449 Palladium
596 2427 760 2466 quoque
787 2416 827 2455 δι
853 2416 948 2454 :ilios
970 2415 1100 2455 bonos
1116 2414 1297 2457 auctores
1318 2416 1368 2455 ab

96 2475 172 2514 eo,
200 2467 240 2507 in
269 2468 316 2509 iis
341 2482 444 2523 quae
474 2472 522 2511 acl
559 2475 860 2518 architefluram
893 2477 1123 2531 pertinent,
1162 2475 1366 2531 accepisse.
