1600 2902
217 240 238 275 ι
247 243 274 275 2
454 226 524 275 Μ.
559 227 605 272 V
609 225 674 271 IT
676 224 715 272 R
724 225 858 272 UVII
892 224 1245 274 POLLIONIS'

211 343 372 378 torum
416 333 634 388 noverit,
678 332 966 394 astrologiam
1016 333 1232 392 coelique
1274 332 1473 378 rationes

209 407 414 469 cognitas
454 407 634 450 habeat.
686 407 821 473 Quae
864 421 947 451 cur
989 404 1050 450 ita
1091 407 1209 462 sint,
1244 406 1329 450 hae
1363 405 1473 450 sunt

211 479 380 525 causae.
438 477 611 523 Literas
645 475 949 523 architecium
985 477 1095 522 scire
1131 488 1349 538 oportet,
1397 476 1469 523 uti

210 553 556 598 commentariis
579 553 853 597 memoriam
886 552 1139 597 firmiorem
1167 554 1341 598 efficere
1368 551 1473 612 pos-

207 623 274 669 fit.
333 624 523 669 Deinde
562 624 808 686 graphidos
849 624 1081 669 scientiam
1126 624 1321 679 habere,
1369 639 1472 682 quo

209 694 384 741 facilius
422 697 765 758 exemplaribus
803 693 953 755 ρὶξὶίε,
1002 714 1144 755 quam
1180 698 1293 741 velit
1322 695 1476 756 operis

210 770 411 830 speciem
435 806 447 826 ‚
489 771 748 817 deformare
785 771 943 815 valeat.
1008 768 1277 815 Geometria
1314 778 1473 813 autem

212 845 347 904 plura
364 844 582 904 praesidia
602 844 794 903 praestat
814 841 1142 889 architecturae
1160 862 1169 886 ε
1201 841 1240 887 Ec
1261 842 1474 902 primum

213 916 621 979 euthygrammi&
651 916 808 960 circini
834 916 973 961 tradit
1003 917 1136 960 usum
1154 949 1166 972 ‚
1199 931 1223 960 e
1255 931 1353 975 quo
1378 931 1479 959 ma-

212 987 341 1032 xime
368 988 541 1034 facilius
577 987 898 1034 aedificiorum
935 988 983 1033 in
1016 988 1125 1033 areis
1156 987 1476 1047 expediuntur

217 1059 579 1119 descriptione53
618 1077 989 1119 normarumque
1021 1059 1062 1105 8c
1090 1057 1398 1104 librationum
1432 1055 1475 1101 Sc

212 1130 445 1176 linearum
473 1129 760 1177 directiones.
834 1133 956 1176 Item
997 1147 1081 1190 per
1110 1129 1299 1190 opticen
1331 1129 1380 1173 in
1406 1142 1480 1172 ae-

217 1202 408 1258 dificiis,
450 1220 473 1247 a
506 1203 637 1247 certis
669 1203 938 1265 regionibus
967 1202 1113 1259 coeli,
1146 1201 1326 1247 lumina
1354 1196 1476 1244 reete

217 1273 472 1319 ducuntur.
508 1276 597 1320 Per
615 1275 938 1319 arithmeticen
969 1290 1107 1329 vero,
1130 1272 1340 1332 sumptus
1360 1270 1479 1315 aedi-

216 1344 431 1390 ficiorum
465 1345 850 1391 consummantur
872 1380 884 1402 ,
922 1346 1241 1390 mensurarum
1275 1343 1477 1389 rationes

217 1415 512 1475 explicantur
534 1450 548 1472 ,
592 1416 893 1475 difficilesque
925 1417 1303 1478 symmetriarum
1331 1431 1478 1474 quae·-

215 1488 381 1533 stiones
414 1490 704 1552 geometricis
728 1490 986 1535 rationibus
1014 1488 1055 1533 Sc
1083 1487 1319 1538 methodis
1344 1488 1479 1532 inve-

216 1559 426 1605 niuntur.
472 1562 691 1607 Historias
712 1574 869 1606 autem
899 1563 1054 1621 plures
1074 1558 1246 1604 novisse
1268 1569 1475 1618 oportet,

218 1633 354 1692 quod
376 1637 527 1678 multa
551 1646 825 1679 ornamenta
855 1634 987 1694 saepe
1015 1633 1064 1677 in
1091 1632 1313 1692 operibus
1329 1631 1479 1676 archi-

219 1705 328 1750 tedii
355 1706 618 1769 (lc-fignant,
649 1706 708 1751 de
729 1707 903 1766 quibus
922 1706 1202 1768 argumentis
1224 1705 1478 1760 rationem,

216 1794 300 1823 cur
345 1779 538 1825 fecerint
567 1814 580 1836 ‚
656 1780 989 1840 quaerentibus
1039 1777 1234 1823 reddere
1286 1777 1479 1823 debent.

218 1852 648 1917 Quemadmodum
679 1854 710 1897 fi
738 1853 840 1912 quis
869 1853 1030 1897 statuas
1062 1867 1339 1896 marmoreas
1369 1866 1481 1894 rnu-

217 1925 383 1970 liebres
405 1926 604 1981 stolam,
625 1925 665 1970 8<
691 1942 810 1985 quae
846 1925 1092 1988 Caryatides
1121 1924 1370 1977 dicuntur,
1389 1938 1480 1981 pro

219 1999 449 2043 columnis
482 1999 530 2043 in
561 2015 703 2059 opere
732 1999 965 2054 statuerit,
990 2000 1030 2043 Sc
1052 1997 1242 2057 insuper
1268 1996 1480 2041 mutulos

217 2070 261 2116 Sc
293 2087 484 2117 coronas
511 2071 837 2126 collocaverit,
870 2069 1258 2133 percontantibus
1291 2069 1353 2113 ita
1376 2066 1480 2112 red-

220 2143 302 2187 det
346 2145 590 2189 rationem.
645 2145 782 2206 Carya
825 2144 979 2189 civitas
1018 2143 1327 2202 Peloponnesi
1366 2158 1478 2186 cum

219 2215 361 2261 Persis
390 2218 594 2261 'nostibus
623 2229 783 2261 contra
812 2216 1049 2261 Graeciam
1081 2215 1331 2260 consensit:
1363 2214 1481 2274 post-

220 2304 272 2332 ea
303 2290 464 2334 Graeci
495 2306 578 2349 per
606 2286 842 2334 victoriam
880 2288 1073 2351 gloriose
1105 2289 1230 2332 bello
1261 2285 1477 2340 liberati,

220 2363 468 2406 communi
510 2362 699 2407 consilio
746 2361 1018 2423 Caryatibus
1063 2361 1246 2405 bellum
1294 2358 1480 2403 indixe-

221 2445 346 2478 runt.
382 2435 551 2493 Itaque
579 2433 761 2495 oppido
789 2446 953 2493 capto,
984 2434 1088 2478 viris
1117 2427 1391 2484 interfezstiS,
1417 2429 1479 2473 ci-

225 2507 369 2552 vitate
407 2507 596 2565 deleta,
643 2520 876 2554 matronas
922 2524 1086 2554 eorum
1125 2508 1176 2552 in
1212 2504 1481 2552 servitutem
