1600 2902
291 195 373 245 DE
402 193 894 241 ARCHITECTURA
933 194 1043 241 LIB.
1081 194 1205 242 VIII.
1286 207 1377 258 245

115 311 150 355 is
180 310 308 353 locus
352 305 517 359 fuerit,
555 304 634 349 sed
672 321 839 366 puram
886 304 1104 350 habuerit
1144 303 1378 364 speciem,

114 381 336 425 innuetur
376 377 444 421 his
481 375 610 438 fignis
643 376 728 420 effe
764 375 916 421 tenuis
946 376 987 422 Sc
1019 376 1069 422 iu
1104 377 1286 422 summa
1311 375 1379 429 [δὴ

113 449 346 496 lubritate.

513 555 796 603 CAPUT
862 557 975 603 VI.

175 649 245 696 De
274 649 567 694 librationibus
602 664 836 710 aquarum,
869 648 909 692 dr
939 648 1227 709 instrumentis
1257 648 1318 695 ad

606 720 714 764 hunc
748 719 880 779 usum.

176 814 316 860 Nunc
342 814 404 859 de
422 810 814 875 perduffionibus
834 813 895 858 ad
915 813 1224 859 habitationes
1249 831 1379 862 moe·

110 887 308 946 niaque,
341 898 394 932 ut
426 885 523 931 fieri
555 896 797 946 oporteat,
828 886 1105 946 explicabo:
1145 888 1278 932 cuius
1308 904 1378 932 ra-

111 961 178 1004 tio
216 960 277 1004 est
309 959 458 1019 prima
486 959 768 1018 perlibratio.
825 958 1043 1003 Libratur
1080 971 1238 1003 autem
1273 959 1378 1005 dio-

108 1033 252 1093 ptris,
293 1045 373 1077 aut
408 1032 534 1076 libris
573 1033 805 1092 aquariis,
848 1044 929 1077 aut
967 1032 1255 1087 chorobate3
1295 1033 1377 1078 sed

109 1105 374 1167 diligentius
408 1105 603 1149 efficitur
631 1121 715 1165 per
742 1105 1078 1162 chorobatem‚
1113 1105 1247 1166 quod
1270 1106 1378 1151 dio-

106 1188 238 1240 ptrae
270 1178 511 1237 libraeque
547 1176 729 1222 fallunt.
786 1178 1079 1223 Chorobates
1119 1191 1279 1224 autem
1313 1179 1378 1224 est

107 1251 265 1311 regula
308 1250 448 1311 longa
479 1248 657 1293 circiter
694 1249 874 1309 pedum
906 1249 1102 1310 viginti:
1152 1267 1203 1294 ea
1233 1250 1377 1297 habet

105 1338 308 1367 ancones
334 1323 382 1367 in
415 1321 647 1383 capitibus
671 1322 888 1367 extremis
907 1322 1087 1385 aequali
1110 1323 1260 1369 modo
1279 1341 1378 1384 per-

105 1394 275 1451 seems,
302 1396 450 1456 inque
474 1398 658 1459 regulae
687 1396 916 1456 capitibus
945 1396 1002 1440 acl
1023 1412 1239 1442 normam
1265 1414 1376 1443 coa-

103 1479 397 1530 gmentat05‚
435 1469 476 1514 Sc
517 1470 635 1513 inter
670 1470 878 1531 regulam
910 1469 951 1515 ὃς
981 1485 1183 1514 ancones
1221 1488 1244 1515 a
1281 1487 1377 1516 car-

104 1541 296 1586 dinibus
325 1540 565 1602 compaRa
600 1543 909 1587 transversaria
928 1576 941 1597 ‚
976 1559 1095 1601 quae
1123 1544 1301 1589 habent
1325 1546 1377 1590 li-

105 1630 210 1659 neas
241 1615 301 1658 ad
340 1616 738 1676 perpendiculum
778 1613 901 1660 reCoe
939 1614 1214 1676 descriptas7
1257 1634 1375 1677 pen-

106 1686 363 1745 dentiaque
404 1703 463 1731 ex
501 1689 659 1749 regula
701 1687 1042 1747 perpendicula
1096 1687 1143 1731 in
1189 1690 1376 1751 singulis

103 1759 314 1818 partibus
345 1759 545 1820 fingula:
588 1775 737 1817 quae,
772 1775 881 1803 cum
914 1761 1071 1822 regula
1103 1759 1243 1805 fuerit
1280 1763 1376 1807 col-

106 1832 283 1886 locata,
332 1847 481 1889 eaque
513 1840 706 1892 tangent
745 1847 897 1890 aeque
938 1848 988 1876 ac
1032 1833 1202 1892 pariter
1233 1834 1374 1879 lineas

105 1902 453 1964 descriptionis,
501 1903 780 1948 indicabunt
840 1904 1052 1949 libratam
1102 1908 1374 1952 collocatio-

105 1991 229 2020 nem.
272 1975 355 2020 Sin
384 1986 542 2019 autem
574 1987 741 2019 ventus
771 1975 1162 2036 interpellaverit⁷
1187 1979 1228 2024 &t
1265 1996 1371 2023 rno-

106 2049 314 2092 tionibus
349 2048 498 2092 lineae
534 2063 634 2092 non
667 2049 914 2107 potuerint
943 2062 1113 2094 certam
1149 2051 1372 2112 fignifica-

104 2122 282 2166 tionem
318 2120 493 2173 facere3
545 2131 660 2165 tunc
696 2121 866 2166 habeat
897 2122 945 2166 in
977 2122 1212 2182 superiore
1241 2136 1373 2184 parte

101 2195 309 2238 canalem
353 2194 548 2255 longum
596 2195 738 2254 pedes
771 2195 1024 2254 quinque,
1066 2198 1212 2240 latum
1254 2197 1372 2257 digi-

101 2279 232 2322 tum,
263 2268 409 2311 altum
450 2267 801 2329 sesquidigitum
824 2303 838 2324 ‚
871 2286 1026 2329 eoque
1061 2286 1181 2328 aqua
1212 2257 1371 2315 infun·

98 2339 267 2393 datum
303 2339 344 2384 &⁶
378 2339 407 2382 fi
440 2342 692 2399 aequaliter
714 2358 837 2400 aqua
860 2343 1024 2386 canalis
1050 2342 1228 2386 summa
1252 2343 1369 2388 libra

98 2422 284 2475 tanget,
308 2413 475 2456 scietur
511 2413 597 2457 effe
622 2415 856 2459 libratum.
924 2416 989 2459 Ita
1021 2432 1077 2459 eo
1110 2416 1365 2463 chorobate

101 2499 210 2529 cum
252 2485 559 2545 perlibratum
596 2487 656 2531 ita
695 2487 834 2535 fuerit
857 2521 872 2544 ‚
924 2489 1090 2533 scietur
1129 2501 1363 2549 quantum

995 2555 1101 2620 923
