1600 2902
113 1328 215 1368 1730

108 1595 207 1636 1739

110 2497 210 2553 1758

286 239 371 285 DE
399 237 466 283 M.
495 236 816 285 VITRUVIO
850 236 1194 283 POLLIONE.
1247 251 1382 284 ΧΧΙΧ

270 344 463 398 Pomponii
500 343 649 383 Gaurici
685 342 928 396 Neapolitani.
958 342 1128 383 Ludo-vici
1157 344 1385 395 Dementiofii

274 399 544 438 Commentarius
568 401 605 436 de
633 397 817 449 Sculptura
844 397 878 434 δ’
905 397 1057 436 Pinum.
1085 399 1166 436 Cum
1189 399 1300 436 variis
1322 400 1385 436 In-

270 454 404 492 dicibus
430 452 671 506 copiofiffimis.
706 454 833 490 Omnia
856 453 892 489 in
925 465 1029 489 unum
1051 452 1210 498 colleaa,
1236 454 1384 505 digesta,

270 508 305 546 δ’
325 509 492 560 illustrata
511 522 534 544 a
557 507 685 544 Ioanne
701 507 738 542 de
761 505 848 544 Laet
873 506 1128 557 Antverpiano.
1166 506 1385 560 Amsteloda-

267 562 326 600 mi.
348 563 461 614 Apud
474 561 559 600 Luci.
576 559 805 612 Elzevirium.
826 560 934 597 Anno
958 561 1069 610 1649.
1088 558 1157 599 fol.
1172 559 1386 599 —Plenis-

266 615 359 654 sima
385 617 425 654 &
446 615 653 666 hucusque
671 613 821 665 optima
849 613 974 665 vulgo
990 614 1155 652 habetur
1181 614 1278 653 haec
1299 613 1386 653 edi·-

268 671 328 709 tio
346 700 357 717 ‚
386 669 533 708 scilicet
558 679 720 720 propter
745 666 991 718 splendorem
1012 669 1252 706 chartarum.
1273 667 1386 706 Tex-
1407 692 1415 702 .

268 735 352 763 tum
384 722 422 763 se
447 723 542 761 dicit
565 722 708 760 Laetus
734 721 913 759 secutum
952 721 1137 760 editionis
1165 720 1385 771 Philandri3

268 777 334 817 sed
364 777 399 815 id
422 789 503 815 non
528 776 736 829 diligenter
770 773 910 814 fae'tum
927 806 937 822 ,
963 775 1065 814 sicut
1090 787 1162 814 nec
1192 776 1386 816 Philandri

268 831 402 871 Notae
421 832 594 882 integrae
621 829 732 876 sunt,
751 839 795 868 ut
822 830 1122 880 promittiturin
1145 829 1288 877 titulo,
1311 842 1386 870 nec

266 886 462 937 integrum
482 883 589 922 Baldi
613 882 803 922 Lexicon.
834 882 1014 922 Omnino
1042 883 1106 921 ille
1134 896 1272 936 parum
1298 883 1386 923 diii-

266 951 406 992 genter
431 938 471 976 in
506 947 592 976 tota
622 949 664 976 re
684 967 695 985 ‚
735 937 775 975 in
802 937 1065 989 excerpendis
1091 936 1258 976 aliorum
1290 938 1388 977 scri-

266 994 344 1046 ptis
362 1024 374 1041 ‚
400 1003 444 1031 ut
465 990 652 1039 Barbari,
678 990 849 1030 Salmasii
866 1022 877 1038 ‚
898 990 1076 1031 versatus
1103 992 1168 1030 est.
1198 990 1387 1031 Acceffe-

266 1057 360 1085 runt
395 1045 561 1085 aliorum
594 1044 801 1085 auctorum
839 1043 982 1097 scripta
1003 1076 1015 1093 ‚
1056 1058 1158 1098 quae
1195 1045 1386 1099 pleraque

266 1100 396 1140 omitti
422 1110 636 1152 poterant,
665 1112 755 1138 cum
781 1111 912 1152 neque
928 1101 976 1138 ab
998 1099 1226 1140 aneioribus
1256 1100 1329 1139 illis
1345 1101 1386 1140 in

266 1168 357 1194 eum
380 1153 502 1193 finem
528 1153 671 1207 scripta
696 1153 846 1193 fuerint
863 1185 874 1202 ‚
903 1166 946 1193 ut
974 1155 1154 1194 Vitruvii
1177 1154 1265 1192 libri
1291 1154 1386 1193 illu-

266 1208 509 1256 strarentur3
540 1220 672 1260 neque
699 1207 831 1261 reapse
860 1209 910 1247 ad
937 1208 1120 1248 Vitruvii
1153 1207 1385 1248 illustratio-

266 1274 358 1301 nem
388 1261 504 1301 valde
533 1262 777 1301 conducant.

269 1319 328 1355 M.
355 1316 387 1351 V
388 1315 507 1354 itruvii
535 1316 709 1354 Pollionis
725 1319 764 1353 de
783 1316 1021 1355 Archireffura
1036 1316 1130 1354 Libri
1140 1317 1269 1361 decem,
1291 1329 1384 1356 cum

269 1369 436 1422 Anglica
457 1368 637 1408 versione
664 1371 704 1408 &
732 1382 837 1408 varr.
859 1368 1169 1409 Commentariis
1193 1381 1271 1408 tam
1299 1371 1385 1410 edi-

266 1425 339 1471 tis⁷
370 1436 487 1475 quam
516 1425 617 1476 luigo
640 1424 737 1461 Iones
759 1425 799 1462 ἃ
821 1424 988 1463 aliorum
1014 1424 1197 1471 ineditis,
1229 1424 1385 1463 multis-

267 1490 345 1530 que
363 1476 498 1530 figuris
524 1477 564 1516 ὃ(
598 1478 780 1517 iconibus
796 1490 889 1516 aere
904 1476 1053 1516 affabre
1070 1476 1294 1530 descriptis,
1312 1490 1385 1517 cu-

266 1542 380 1570 rante
400 1532 490 1569 Rob.
518 1532 674 1584 castello.
698 1531 879 1570 Londini.
913 1544 1025 1581 1730·
1055 1532 1125 1571 fol.
1153 1546 1173 1570 2
1198 1532 1293 1571 voll.

264 1585 586 1624 Exercitationes
602 1584 869 1623 Vitruvianae
884 1586 1048 1638 primae.
1068 1586 1160 1624 Hoc
1176 1584 1250 1625 est:
1271 1587 1384 1626 Ioan-

263 1640 319 1678 nis
353 1638 472 1678 Polem‘
499 1637 824 1678 Commentarius
853 1640 1012 1679 criticus
1040 1640 1088 1680 de
1115 1640 1176 1679 M.
1206 1639 1383 1680 Vitruvii

267 1693 456 1732 Pollionis
475 1692 526 1733 X.
543 1693 734 1732 librorum
761 1693 1028 1742 Etlitionibus‚
1046 1706 1120 1733 nec
1140 1706 1222 1733 non
1241 1694 1288 1733 de
1313 1708 1383 1734 eo-

266 1748 432 1788 rundem
449 1746 680 1787 Editoribus
694 1777 705 1799 ,
721 1758 841 1800 atque
854 1748 903 1787 de
920 1748 1005 1787 aliis
1020 1778 1032 1796 ‚
1056 1749 1122 1801 qui
1144 1748 1382 1788 Vitruvium

265 1813 526 1853 quocumque
548 1802 669 1840 modo
697 1803 946 1853 explicarunt
970 1814 1039 1842 aut
1058 1802 1382 1842 illustrarunt.—

266 1855 342 1893 His
364 1858 474 1895 eodem
503 1870 596 1894 anno
626 1856 859 1907 accefferzmt:
892 1856 1209 1896 Exercitationes
1238 1858 1382 1898 Vitru-

263 1910 409 1948 vianae
438 1908 649 1949 secundae.
680 1909 769 1949 Hoc
793 1910 871 1949 est:
904 1910 962 1949 10.
997 1910 1113 1961 Bapt.
1142 1912 1378 1963 Morgagni,

265 1963 306 2001 in
325 1963 514 2002 Patavina
533 1964 749 2004 Academia
774 1965 830 2003 rei
848 1966 1036 2004 Anatom.
1056 1963 1287 2004 Profefforis
1307 1967 1382 2016 pri-

265 2018 377 2056 marii
401 2018 467 2056 6¹c.
496 2017 696 2071 Epistola,
724 2019 763 2056 in
788 2031 867 2070 qua
890 2019 1019 2071 agitur
1043 2020 1092 2058 de
1118 2020 1287 2072 quodam
1307 2021 1381 2058 Vi-

262 2071 386 2111 truvii
415 2072 508 2110 loco
543 2072 592 2110 ad
621 2083 704 2110 rem
740 2073 935 2112 medicam
974 2074 1182 2112 attinente.
1216 2074 1321 2123 (Lib.
1348 2075 1380 2114 Ι.

264 2140 339 2177 cap.
366 2124 437 2177 6.)
467 2125 524 2164 M.
560 2126 742 2165 Vitruvii
773 2126 961 2166 Pollionis
985 2127 1079 2165 Vita
1108 2126 1329 2179 conscripta
1356 2140 1379 2166 a

265 2176 507 2219 Bernardino
534 2179 656 2218 Baldo
673 2180 867 2219 Urbinate
884 2212 894 2228 ‚
919 2194 1008 2220 cum
1037 2181 1380 2220 Annotationibus

267 2229 326 2270 Io.
346 2232 494 2272 Poleni.
524 2234 733 2285 Anonymi
759 2235 968 2287 Scriptoris
986 2235 1278 2288 Compendium
1298 2237 1378 2274 Ar-

267 2284 507 2327 chitecturae
521 2287 721 2335 vitruvii,
749 2301 840 2328 cum
857 2289 1198 2328 Annotatiouibus
1219 2288 1278 2327 lo.
1301 2289 1379 2327 Po-

269 2337 362 2377 leni.
403 2339 566 2381 Patavii.
599 2341 730 2395 Typis
764 2342 984 2382 Seminarii.
1032 2342 1150 2395 Apud
1185 2342 1376 2382 Ioannem

269 2391 436 2432 Nkuffre
475 2408 588 2448 ¹739·
632 2396 678 2435 Et
714 2396 1095 2449 prostant‘Veneuss
1122 2397 1224 2450 apud
1252 2396 1377 2436 Fran-

268 2445 414 2485 ciscum
438 2447 588 2488 Pitteri.
612 2447 682 2488 fol.

267 2499 396 2540 Marci
416 2500 596 2541 Vitruvii
622 2503 809 2544 Pollionis
833 2504 881 2544 de
911 2503 1183 2543 Architeclura
1201 2505 1284 2544 libri
1301 2506 1376 2543 de-

265 2566 353 2595 cem
367 2586 379 2603 ,
396 2567 488 2596 Cum
508 2555 644 2597 Italica
659 2558 843 2598 versione
864 2560 1010 2598 Berardi
1031 2559 1189 2598 Galiani.
1213 2560 1375 2613 Neapo-
