1600 2902
234 211 319 261 DE
351 208 844 256 ARCHITECTURA
880 208 986 254 LIB.
1021 208 1127 257 VII.
1227 222 1312 274 205

62 321 193 367 nuati
219 319 268 364 in
298 314 497 363 tefioriis
530 316 704 362 faciunt
733 316 892 376 rimas)
922 315 970 360 id
1005 327 1058 360 ut
1077 329 1174 359 non
1210 313 1318 371 fiat,

62 395 171 438 haec
191 391 274 436 erit
296 390 424 434 ratio.
469 388 592 433 Cum
629 388 773 449 paries
817 399 943 432 totus
974 388 1076 431 luto
1106 386 1321 445 inquina-

63 477 136 510 tus
160 463 319 518 fuerit,
355 475 467 506 tunc
508 462 555 506 in
591 477 647 505 eo
674 476 815 520 opere
846 475 1018 505 cannae
1048 460 1182 504 clavis
1218 474 1322 503 mu-

62 535 205 580 scariis
232 546 486 594 perpetuae
521 534 749 595 figantur:
795 531 967 577 deinde
1005 533 1175 576 iterum
1214 534 1320 576 luto

64 603 258 652 induElo
296 607 326 650 fi
359 608 532 666 priores
568 605 889 650 transversariis
924 605 1230 650 arundinibus
1268 604 1324 648 fi-

64 697 150 725 xae
182 680 289 724 sunt
310 714 322 734 ,
354 679 581 725 secundae
613 676 768 724 ereelis
808 679 1030 742 figantur,
1066 679 1107 723 8<
1135 679 1195 723 ita
1224 677 1321 738 (uti

66 755 200 814 supra
232 754 454 813 scriptum
492 752 584 812 est)
617 763 887 807 uenatum,
933 752 974 798 8c
1007 766 1239 805 marmor,
1282 751 1324 795 Sc

69 844 211 874 omne
248 824 495 872 teolorium
537 826 799 871 inducatur.
843 823 911 867 Ita
947 838 1197 867 cannarum
1235 822 1326 866 du-

68 904 180 963 plex
205 902 253 946 in
284 899 535 962 parietibus
560 899 805 944 ordinibus
830 896 1088 942 transversis
1122 895 1210 938 fixa
1230 910 1326 953 per-

67 973 291 1033 petuum,
337 986 424 1016 nec
459 970 686 1034 segmina,
723 985 809 1014 nec
843 968 1011 1013 rimam
1050 967 1193 1011 ullam
1228 964 1327 1010 fieri

66 1054 279 1104 patietur.

440 1153 775 1199 CAPUT
841 1152 956 1198 IV.

71 1245 142 1292 De
166 1245 436 1308 politionibus
462 1248 503 1289 in
535 1247 716 1291 humidis
744 1247 873 1291 locis‚·
903 1247 950 1290 de
980 1257 1134 1290 ornatu
1159 1248 1327 1309 politio-

136 1320 227 1364 nis,
278 1319 316 1360 ὼ
342 1321 582 1381 pavimento
610 1319 865 1363 Graecorum
888 1318 1263 1365 hibernaculorum.

141 1412 330 1480 Quibus
359 1412 617 1456 rationibus
662 1411 781 1456 slecis
816 1411 925 1455 locis
963 1410 1153 1456 testona
1189 1428 1330 1472 opor-

70 1496 166 1530 teat
200 1485 322 1539 fieri,
359 1484 487 1529 dixi:
526 1500 654 1530 nunc
683 1484 1091 1543 quemadmodum
1123 1486 1329 1530 humidis

72 1558 184 1602 locis
212 1557 461 1616 politiones
488 1555 827 1615 expediantur,
854 1567 906 1599 ut
932 1571 1201 1615 permanere
1223 1556 1331 1615 pos-

73 1629 160 1673 sint
189 1629 282 1672 fine
317 1628 467 1683 vitiis,
504 1644 749 1687 exponam.
783 1627 840 1671 Et
864 1627 1073 1687 primum
1100 1629 1331 1674 conclavi-

72 1703 186 1756 bus,
216 1717 336 1761 quae
356 1702 497 1760 plano
521 1701 645 1759 pede
672 1699 870 1755 fuerint,
899 1700 957 1743 ab
980 1700 1075 1743 imo
1095 1702 1332 1760 pavimen·

74 1786 124 1819 to
166 1775 256 1818 alte
288 1773 465 1818 circiter
500 1771 699 1831 pedibus
736 1771 882 1816 tribus
919 1787 1005 1830 pro
1039 1785 1226 1817 arenato
1265 1786 1332 1818 te-

73 1846 133 1889 sta
175 1843 467 1898 trullissetur,
508 1844 548 1887 Sc
575 1842 827 1904 dirigatur,
873 1843 941 1886 uti
975 1858 1053 1886 eae
1082 1855 1233 1902 partes
1267 1855 1331 1889 te-

75 1914 328 1960 &oriorum
367 1915 425 1959 ab
456 1915 654 1958 humore
679 1929 737 1957 ne
771 1914 1003 1959 vitientur.
1061 1915 1141 1959 Sin
1170 1928 1330 1960 autem

75 1989 238 2047 aliquis
266 1988 409 2048 paries
438 2000 688 2047 perpetuos
709 1987 921 2032 habuerit
946 1990 1189 2043 humores,
1218 2007 1332 2050 pau·

76 2061 178 2103 lum
208 2060 264 2103 ab
301 2076 355 2104 eo
381 2059 652 2114 recedatur,
688 2059 727 2103 Sc
747 2060 941 2103 struatur
962 2061 1074 2103 alter
1089 2060 1238 2104 tenuis
1259 2061 1332 2105 di-

77 2131 190 2174 stans
217 2131 275 2174 ab
307 2147 389 2186 eo,
420 2142 650 2189 quantum
668 2147 735 2174 res
756 2131 981 2190 patietur,
1017 2132 1056 2176 ἅ·
1074 2132 1191 2176 inter
1212 2132 1332 2176 duos

77 2202 271 2262 parietes
302 2204 463 2246 canalis
494 2203 690 2248 (lucatur
719 2203 905 2247 inferior
925 2220 1067 2262 quarn
1086 2205 1332 2248 libramen-

78 2287 180 2319 tum
225 2276 450 2319 conclavis
480 2275 643 2330 fuerit,
694 2276 866 2319 habens
910 2292 1036 2319 nares
1077 2275 1134 2319 ad
1171 2278 1331 2321 locum

75 2358 330 2408 patentem.
365 2348 482 2391 Item
512 2364 621 2393 cum
646 2349 692 2391 in
729 2347 1024 2392 altitudinem
1061 2345 1333 2406 perstrutsius

77 2420 241 2475 fuerit,
282 2421 607 2479 relinquantur
656 2421 950 2480 spiramenta:
1009 2420 1037 2463 s1
1073 2421 1196 2464 enim
1233 2437 1330 2465 non

75 2510 156 2554 per
191 2510 317 2540 nares
352 2495 525 2540 humor·
558 2497 597 2540 Sc
633 2495 830 2552 inimo,
870 2499 910 2542 δε
952 2496 998 2539 in
1036 2495 1219 2541 summo
1253 2497 1331 2541 ha·-
