1600 2902
246 176 263 207 1
277 162 333 225 56
483 160 549 205 M.
584 159 875 206 VITRUVII
907 161 1186 209 POLLION
1189 161 1240 208 IS

239 282 297 310 ex
328 281 467 325 opere
495 265 668 326 signino
700 265 922 309 stationes.
961 264 1179 312 Proxime
1210 276 1368 312 autem
1401 279 1490 326 xy-

236 338 356 381 stum
385 336 424 380 Sc
461 337 699 396 duplicem
723 338 954 397 porticum
984 338 1277 399 designentur
1311 338 1488 398 hypae-

238 408 365 453 thrae
401 409 769 465 ambulationes,
801 425 913 467 quas
937 409 1094 454 Graeci
1117 412 1386 467 περιδρόμιδοις,
1411 424 1490 453 no·

235 480 307 524 stri
329 482 482 542 xystos
504 483 764 541 appellant,
810 481 857 526 in
877 498 988 541 quas
1004 498 1086 541 per
1106 482 1302 527 hiemem
1323 500 1381 528 ex
1400 497 1488 541 xy-

235 550 302 596 sto
335 551 493 596 sereno
535 554 666 596 coelo
699 553 899 597 athletae
945 552 1229 611 prodeuntes
1273 568 1491 598 exercen-

237 632 326 668 tur.
360 622 465 667 Post
487 623 672 684 xystum
705 637 860 668 autem
895 624 1091 667 stadium
1121 623 1182 666 ita
1210 624 1491 685 figuratum,

236 704 292 737 ut
309 694 477 753 possint
498 695 747 739 hominum
782 697 943 755 copiae
972 711 1079 740 cum
1105 697 1369 740 laxamento
1388 696 1490 740 ath-

235 767 346 810 letas
373 778 597 813 certantes
633 765 845 827 speclare.
883 769 1018 836 Quae
1052 767 1101 811 in
1134 769 1383 812 moenibus
1412 782 1492 811 ne«-

240 836 415 882 ceffaria
450 838 731 883 videbantur
772 838 881 895 effe,
925 851 977 884 ut
1012 850 1120 899 apte
1156 840 1491 900 disponantur,

241 911 487 971 perscripsi.

649 1018 842 1064 CAP.
909 1019 1078 1065 XII.

318 1107 391 1152 De
419 1110 622 1171 portubus
650 1111 689 1154 <b
709 1111 945 1171 struffuris
979 1112 1020 1156 in
1058 1129 1166 1173 aqua
1189 1111 1409 1175 faciendis.

313 1205 387 1251 De
430 1209 783 1268 opportunitate
829 1220 986 1254 autem
1031 1219 1256 1269 portuum
1298 1224 1397 1253 non
1431 1205 1493 1251 est

236 1281 707 1336 praetermittendum
725 1315 737 1336 ,
759 1281 838 1326 sed
864 1281 1037 1340 quibus
1056 1282 1308 1327 rationibus
1331 1291 1495 1326 tuean-

237 1361 313 1397 tur
337 1368 471 1397 naves
493 1354 539 1397 in
566 1353 631 1397 his
656 1354 715 1397 ab
733 1354 1084 1414 tempestatibus
1100 1388 1112 1408 ‚
1138 1352 1490 1414 explicandum.

236 1424 301 1469 Hi
344 1438 502 1471 autem
536 1427 801 1472 naturaliter
843 1428 873 1472 fi
919 1428 1006 1472 sint
1042 1428 1165 1471 bene
1196 1427 1359 1486 positi,
1410 1424 1491 1466 ha-

237 1497 476 1557 beantque
496 1501 714 1544 acroteria
742 1501 831 1545 five
868 1500 1189 1558 promontoria
1213 1511 1491 1558 procurren-

236 1571 323 1626 tia,
349 1588 407 1616 ex
427 1573 598 1631 quibus
628 1572 850 1618 introrsus
875 1584 1142 1618 curvaturae
1167 1572 1258 1616 five
1282 1571 1489 1614 versurae

238 1660 295 1688 ex
330 1645 419 1689 loci
464 1657 626 1689 natura
663 1644 836 1689 fuerint
885 1645 1225 1699 conformatae,
1268 1643 1490 1688 maximas

237 1716 453 1761 utilitates
493 1717 712 1761 videntur
743 1718 922 1762 habere.
971 1717 1158 1761 Circum
1195 1716 1321 1760 enim
1348 1714 1491 1775 porti·-

236 1804 314 1833 cus
353 1789 442 1833 slve
483 1790 657 1833 navalia
692 1789 799 1834 sunt
828 1789 1036 1835 facienda
1055 1821 1068 1842 ‚
1102 1789 1191 1833 five
1218 1804 1275 1832 ex
1298 1785 1490 1846 portici-

238 1860 324 1906 bus
341 1862 489 1905 aditus
510 1862 567 1905 ad
584 1862 788 1922 emporia
803 1897 814 1918 ,
838 1875 1081 1921 turresque
1106 1879 1163 1906 ex
1182 1872 1378 1918 utraque
1395 1875 1491 1918 par·

238 1943 284 1977 te
316 1934 641 1989 collocandae,
691 1951 750 1979 ex
782 1935 952 1993 quibus
986 1946 1171 1979 catenae
1194 1932 1374 1977 traduci
1405 1948 1488 1991 pet

238 2005 470 2049 machinas
500 2006 680 2064 possint.
721 2005 800 2050 Sin
834 2018 990 2050 autem
1017 2023 1115 2050 non
1143 2007 1395 2050 naturalem
1420 2006 1487 2048 lo·-

241 2092 377 2132 cum,
414 2094 569 2136 neque
598 2077 825 2122 idoneum
850 2079 905 2122 ad
929 2078 1123 2123 tuendas
1157 2078 1214 2120 ab
1246 2077 1490 2136 tempesta-

241 2148 366 2192 tibus
400 2166 536 2194 naves
564 2150 859 2194 habuerimus
877 2185 888 2206 ,
923 2151 983 2194 ita
1007 2150 1196 2195 videtur
1224 2148 1308 2194 effe
1329 2148 1489 2192 facien·

243 2217 388 2274 dum,
431 2219 500 2263 uti
529 2220 556 2263 fi
599 2221 786 2264 nullum
820 2219 997 2265 flumen
1032 2221 1078 2264 in
1111 2222 1176 2265 his
1203 2219 1312 2263 locis
1343 2218 1489 2276 impe-

245 2290 376 2334 dierit
394 2325 406 2346 ,
436 2291 514 2334 sed
532 2293 618 2336 erit
642 2308 699 2336 ex
728 2309 815 2336 una
848 2304 975 2352 parte
1007 2292 1134 2337 statio
1152 2325 1164 2347 ‚
1198 2302 1312 2335 tunc
1346 2305 1403 2332 ex
1428 2289 1489 2331 al-

244 2374 335 2406 tera
360 2373 486 2421 parte
524 2360 749 2408 strquris
780 2364 868 2408 five
905 2365 1146 2427 aggeribus
1182 2360 1487 2422 expediantur

243 2433 495 2497 progressus
514 2469 528 2493 ,
575 2436 614 2482 Sc
646 2437 707 2481 ita
735 2435 1096 2483 conformandae
1119 2445 1345 2497 portuum
1373 2448 1487 2478 con-
