1600 2902
295 198 378 246 DE
410 198 904 248 ARCHITECTURA
938 201 1045 249 LIB.
1086 202 1119 246 Ῐ.
1286 211 1350 265 41‘

84 305 215 352 curio
241 315 397 349 autem
433 304 481 349 in
515 303 642 360 foro,
677 316 758 349 aut
793 304 930 349 etiam
965 304 1034 349 uti
1066 303 1169 348 Isidi
1199 301 1240 347 8c
1265 302 1348 348 Se·-

82 382 208 442 rapi,
237 379 287 424 in
312 378 538 438 emporio.
572 377 782 438 Apollini
821 378 1037 436 Patrique
1061 376 1262 432 Libero,
1290 375 1351 420 se·

84 450 302 496 cundum
341 443 593 494 theatrum.
631 449 856 504 Herculi,
902 448 952 492 in
983 448 1154 508 quibus
1189 447 1346 493 civita-

84 521 211 566 tibus
247 536 344 565 non
377 520 483 564 sunt
514 521 746 583 gymnafia
786 536 945 580 neque
981 519 1343 579 amphitheatra,

80 592 140 637 ad
159 593 344 637 circum.
380 591 542 646 Marti,
564 601 690 636 extra
707 591 874 636 urbem
892 625 904 645 ,
933 591 1010 635 fed
1031 591 1089 635 ad
1109 607 1344 651 campum.

82 663 299 723 Itemque
319 663 494 708 Veneri
511 662 569 707 ad
587 673 783 722 portam.
837 663 892 706 Id
918 673 1073 706 autem
1096 662 1234 706 etiam
1259 662 1348 706 He-

81 736 240 780 truscis
272 734 613 794 haruspicibus,
655 732 1000 792 disciplinarum
1034 733 1237 793 scriptis,
1278 733 1341 778 ita

84 809 146 853 est
175 807 465 852 dedicatum:
499 807 636 850 Extra
671 821 892 860 murum,
921 805 1144 862 Veneris,
1176 805 1343 850 Vulca-

83 880 158 935 ni,
198 880 355 924 Martis
393 879 495 923 fana
527 878 636 922 ideo
670 878 914 934 collocari,
945 878 1013 921 uti
1050 894 1148 922 non
1183 878 1342 923 inme--

82 952 172 996 scat
194 951 239 995 in
260 951 373 994 urbe
392 950 766 996 adolescentibus
784 951 863 996 seu
885 951 1108 996 matribus
1145 950 1342 995 familia-

83 1039 189 1070 rum
225 1038 419 1068 venerea
458 1022 638 1067 libido:
686 1022 986 1082 Vulcanique
1021 1022 1068 1068 vi
1101 1039 1125 1067 e
1157 1022 1343 1068 moeni-

83 1095 171 1140 bus
190 1129 202 1151 ,
235 1095 535 1157 religionibus
570 1094 609 1140 Sc
631 1096 852 1141 sacrificiis
871 1108 1060 1141 evocata
1075 1131 1087 1152 ,
1119 1097 1177 1141 ab
1200 1098 1344 1142 timo-

82 1183 130 1212 re
151 1166 480 1211 incendiorum
499 1167 707 1211 aedificia
730 1168 979 1213 videantur
998 1169 1203 1213 liberari:
1224 1168 1339 1214 Mar-

81 1238 136 1282 tis
167 1254 275 1284 vero
320 1237 534 1282 divinitas
567 1255 675 1283 cum
702 1240 753 1284 sit
787 1252 915 1285 extra
943 1241 1127 1285 moenia
1156 1240 1339 1286 dedi-ca-

81 1322 154 1365 ra,
187 1326 281 1354 non
327 1312 410 1355 erit
443 1313 562 1356 inter
592 1313 710 1358 cives
741 1314 960 1377 armigera
989 1314 1222 1368 diffenfio3
1257 1313 1338 1358 sed

82 1382 141 1427 ab
178 1383 381 1429 hostibus
419 1401 470 1429 ea
497 1384 679 1430 defensa
698 1420 710 1440 ,
743 1385 784 1430 8c
810 1386 919 1431 belli
946 1387 1185 1445 periculo,
1221 1401 1338 1430 con-

80 1454 292 1499 servabit.
342 1456 460 1500 Item
501 1456 651 1500 Cereri
691 1468 818 1501 extra
861 1457 1026 1502 urbem
1064 1459 1196 1513 l-oco,
1236 1472 1338 1516 quo

84 1543 181 1572 non
221 1528 400 1587 semper
433 1529 674 1584 homines,
707 1530 789 1574 nifi
816 1546 898 1590 per
925 1530 1222 1585 sacrificium,
1257 1544 1338 1573 ne·

81 1601 191 1646 celle
221 1601 421 1646 habeant
460 1602 613 1646 adire:
667 1619 776 1648 cum
821 1604 1042 1666 religione
1084 1604 1196 1648 caste
1235 1602 1337 1647 fan-

84 1671 258 1732 {lisque
297 1673 506 1718 moribus
536 1674 571 1718 is
605 1676 734 1720 locus
769 1675 913 1721 debet
949 1676 1080 1720 tueri.
1146 1674 1338 1719 Ceteris-

81 1763 177 1806 que
211 1746 308 1790 Diis
342 1746 399 1791 ad
430 1747 754 1794 sacrificio-rum
796 1748 992 1794 rationes
1038 1758 1173 1808 aptae
1215 1760 1336 1793 tem-

80 1820 164 1878 plis
195 1834 322 1862 areae
345 1818 451 1863 sunt
473 1818 824 1865 distribuendae.
871 1821 944 1865 De
967 1821 1067 1880 ipfis
1090 1832 1247 1865 autem
1268 1836 1334 1864 ae·

85 1892 223 1937 dibus
249 1893 374 1937 sacris
404 1892 643 1948 faciendis,
688 1892 728 1938 Sc
754 1894 813 1939 de
845 1910 1001 1940 earum
1028 1894 1335 1956 symmetriis,

86 1964 132 2007 in
165 1965 300 2009 tertio
324 1965 365 2009 ὃς
391 1977 562 2025 quarto
602 1968 845 2012 volumine
879 1968 1068 2013 reddam
1108 1968 1331 2020 rationes;

87 2037 194 2095 quia
242 2037 288 2082 in
328 2039 533 2084 secundo
563 2041 712 2086 visum
753 2043 814 2086 est
847 2043 986 2098 mihi,
1030 2043 1236 2102 primum
1272 2041 1332 2086 de

86 2110 299 2154 materiae
337 2113 511 2172 copiis,
545 2130 666 2173 qnae
702 2115 750 2158 in
787 2114 1002 2159 aedificiis
1032 2114 1137 2158 sunt
1172 2128 1334 2173 paran-

87 2183 199 2235 dae,
244 2183 414 2241 quibus
445 2186 528 2230 smt
560 2187 838 2243 virtutibus,
872 2187 913 2232 ἃ
948 2203 1091 2245 quem
1131 2187 1333 2230 habeant

85 2254 221 2297 usum
242 2286 255 2308 ,
289 2270 545 2313 exponere3
582 2259 872 2302 commensus
913 2258 1256 2311 aedificiorum,
1289 2257 1333 2302 Sc

86 2326 295 2380 ordines,
329 2327 368 2370 8c
398 2343 561 2388 genera
594 2330 766 2390 singula
799 2330 1170 2391 symmetriarum
1206 2345 1335 2389 pera-

84 2412 215 2459 gere,
248 2395 288 2440 Sc
309 2396 356 2441 in
381 2397 564 2460 singulis
600 2401 921 2447 voluminibus
947 2400 1186 2459 explicare.

707 2510 865 2526 m
