1600 2902
261 143 355 202 326
513 134 580 183 M.
612 135 905 182 VITRUVII
937 138 1274 185 POLLIONIS

259 261 371 290 curn
390 245 439 288 in
469 260 539 290 eas
560 244 829 299 mittantur,
855 259 953 287 non
982 245 1130 303 planis
1147 246 1380 291 frontibus
1404 245 1524 291 exci-

257 319 392 379 piant
415 318 596 378 plagas,
627 317 703 362 sed
735 317 793 361 ab
814 317 1033 362 lateribus
1064 318 1294 375 labentes,
1320 320 1412 365 fine
1441 336 1523 380 pe-

256 390 407 435 riculo
443 389 700 442 fodientes,
736 389 821 448 qui
847 389 970 434 intus
998 389 1104 434 sunt
1132 400 1364 436 tueantur.
1405 391 1521 436 Non

256 462 376 509 mihi
407 463 546 507 etiarn
583 463 772 507 videtur
808 461 894 507 effe
927 463 1133 508 alienum
1170 464 1229 508 de
1262 465 1521 520 testudine,

258 553 406 596 quam
430 535 605 599 Agetor
634 535 881 596 Byzantius
914 534 1050 590 fecit,
1073 535 1246 595 quibus
1264 538 1521 583 rationibus

256 609 311 657 fit
336 607 480 666 facta,
507 625 760 669 exponere.
799 610 968 655 Fuerat
999 610 1124 654 enim
1157 610 1253 654 eius
1281 610 1390 655 basis
1417 612 1520 655 lon-

255 684 426 747 gitudo
453 684 634 744 pedum
668 697 733 728 LX
754 718 767 738 ‚
810 685 1014 743 latitudo
1050 697 1197 729 XVIII.
1243 682 1520 741 Arrefflaria‚

255 774 379 818 quae
409 757 544 817 supra
576 753 952 817 compaffilionem
981 768 1109 801 erant
1144 768 1346 817 quatuor
1374 760 1520 802 collo-

254 841 374 885 cata,
399 847 458 874 ex
487 829 604 874 binis
633 829 769 892 tignis
794 829 978 875 fuerant
1001 828 1242 891 compaffla
1258 865 1270 887 ‚
1291 831 1339 874 in
1365 829 1520 874 altitu-

254 902 443 948 dinibus
480 903 794 964 fingulorum‚
837 903 1019 963 pedum
1061 917 1233 949 XXXVI.
1270 902 1520 948 craffitudi-

251 992 314 1022 ne
357 976 656 1036 palmipedali
681 1008 694 1031 ‚
741 976 991 1021 latitudine
1033 976 1354 1037 sesquipedali.
1404 974 1520 1019 Bafis

254 1050 350 1093 eius
381 1050 603 1094 habuerat
626 1060 746 1093 rotas
773 1045 903 1104 offilo,
927 1049 1102 1108 qulbus
1131 1050 1368 1112 agebatur.
1401 1049 1518 1093 Fue-

252 1132 322 1166 rat
347 1132 503 1166 autem
537 1138 695 1166 earum
719 1121 919 1166 altitudo
941 1122 1119 1181 pedum
1156 1135 1226 1167 VI.
1251 1134 1271 1166 S
1304 1136 1380 1175 -:-‚
1403 1120 1521 1164 cras-

249 1195 405 1241 situdo
433 1194 615 1254 pedum
645 1195 813 1248 trium,
848 1193 910 1237 ita
949 1193 1194 1238 fabricatae
1225 1193 1396 1254 triplici
1421 1209 1516 1237 ma·-

251 1268 361 1313 teria
379 1302 391 1322 ,
414 1267 599 1311 alternis
630 1265 674 1309 se
697 1277 859 1310 contra
888 1265 1194 1311 subscudibus
1222 1265 1340 1310 inter
1365 1264 1408 1310 se
1434 1281 1514 1309 co·-

247 1339 564 1403 agm‘entatae,
583 1339 862 1398 laminisque
890 1338 1042 1383 ferreis
1071 1356 1130 1383 ex
1163 1338 1331 1401 frigido
1365 1334 1515 1382 duclis

247 1414 467 1475 alligatae.
511 1414 609 1458 Hae
635 1414 681 1457 in
716 1414 999 1469 arbusculis,
1033 1414 1124 1458 five
1161 1411 1513 1472 hamaxopodes

248 1484 490 1538 dicantur,
524 1485 785 1529 habuerant
814 1486 1100 1530 versationes.
1138 1485 1204 1528 Ita
1228 1485 1361 1545 supra
1392 1494 1515 1528 tran·

247 1559 446 1603 strorum
474 1558 713 1618 planitiem
730 1593 741 1614 ,
768 1575 888 1617 quae
910 1558 1042 1618 supra
1068 1559 1207 1603 basim
1228 1558 1400 1613 fuerat,
1422 1573 1512 1618 po-

246 1632 332 1676 stes
378 1643 507 1676 erant
557 1628 692 1675 ereeili
731 1631 912 1691 pedum
953 1645 1086 1676 XVIII
1119 1651 1204 1686 -ς-,
1253 1631 1510 1676 latitudinis

249 1715 289 1747 S.
316 1716 403 1757 -01-‚
429 1703 730 1747 cmffitudinis
758 1716 851 1757 ΡΖ,
877 1703 1091 1748 distantes
1110 1704 1228 1747 inter
1253 1704 1296 1748 se
1317 1716 1333 1746 1
1352 1716 1388 1747 S.
1412 1718 1508 1759 —:-‚

244 1775 380 1834 supra
408 1791 481 1818 eos
501 1776 649 1819 trabes
673 1775 998 1820 circumclusae
1029 1775 1337 1819 continebant
1358 1784 1509 1818 totam

245 1846 623 1909 compactionem
817 1850 932 1894 latae
963 1848 1137 1909 pedem
1165 1862 1195 1894 Ι.
1235 1864 1310 1903 -—:-‚
1349 1845 1509 1892 craffae

245 1936 286 1972 s.
317 1943 374 1975 —3—
393 1958 407 1979 ,
437 1923 570 1983 supra
614 1941 712 1970 earn
749 1925 949 1984 capreoli
980 1923 1327 1968 extollebantur
1348 1923 1508 1967 altitu·-

245 1995 357 2040 dine
384 1997 565 2056 pedum
594 2010 681 2041 ΧΠ.
718 1995 866 2056 Supra
889 1998 1125 2056 capreolos
1147 1996 1330 2058 tignum
1357 1997 1506 2041 collo-

243 2080 400 2114 catum
434 2070 752 2133 coniungebat
785 2071 1111 2130 capreolorum
1148 2064 1504 2128 compatfliones.

241 2143 364 2187 Item
387 2143 474 2187 fixa
496 2143 755 2188 habuerant
784 2144 986 2187 lateraria
1008 2145 1056 2187 in
1087 2141 1340 2187 transverso
1357 2175 1370 2196 ,
1397 2143 1505 2201 qui-

241 2214 332 2259 bus
352 2215 539 2275 insuper
557 2215 881 2261 contabulatio
914 2215 1196 2260 circumdata
1227 2213 1504 2275 contegebat

240 2287 470 2335 inferiora.
494 2289 734 2333 Habuerat
752 2299 908 2333 autern
929 2289 1131 2332 mediam
1161 2286 1502 2332 contabulatio-

241 2373 352 2402 nem
383 2359 516 2419 supra
546 2361 815 2414 trabicrssas,
838 2360 923 2404 ubi
961 2360 1224 2419 scorpiones
1242 2359 1280 2402 Sc
1300 2357 1501 2416 catapul-

240 2442 313 2477 tae
346 2434 709 2480 collocabantur.
742 2433 1052 2497 Erigebantur
1075 2432 1116 2479 Sc
1146 2429 1376 2477 arrectaria
1403 2429 1501 2475 duo
