1600 2902
388 151 1029 196 COMPENDIUM
1270 164 1350 207 ,ψ

74 266 136 296 tes
155 254 196 296 &
216 264 405 293 numeros
424 265 642 293 ventorum
668 251 767 294 scire
797 262 984 306 coeptum
1015 250 1088 292 est.
1125 250 1203 290 Sed
1226 247 1348 302 pleri-

73 330 154 371 que
179 317 271 357 XII.
301 327 447 357 ventos
477 314 552 357 effe
580 314 825 363 asseverant,
872 325 918 355 ut
939 314 996 354 est
1024 315 1064 354 in
1091 313 1190 354 urbe
1215 311 1347 353 Roma

73 379 218 418 Triton
240 391 410 425 aeneus,
443 391 533 418 cum
558 379 723 417 totidem
748 376 981 417 thoracibus
1007 387 1246 424 ventorum,
1282 373 1347 412 fa·-

72 437 158 479 flus
186 439 236 477 ad
265 439 403 491 templi
425 438 630 491 Androgei
658 436 899 490 Cyrenenfis
932 437 1254 484 fimilitudinem3
1289 434 1348 475 su-

70 513 140 553 pra
159 512 279 554 caput
296 502 407 540 venti
426 503 576 554 virgam
595 512 735 540 tenens
754 499 923 539 eundem
943 498 1020 540 effe
1038 499 1200 539 flantem
1217 497 1348 539 osten-

71 562 140 602 dit.
171 563 416 605 Observabis
440 575 538 617 ergo
572 575 622 602 ne
644 564 782 602 ianuas
808 574 877 603 aut
898 562 1088 604 fenestras
1109 573 1253 604 contra
1276 573 1348 601 no-

70 626 187 665 civos
209 626 325 666 ssatus
346 626 480 666 facias.
512 627 664 666 Nocivi
688 627 790 667 enim
820 627 936 667 flatus
962 626 1052 666 sunt
1083 626 1152 666 ubi
1186 635 1256 665 aut
1281 625 1347 664 ni-

69 689 144 728 mis
165 689 401 729 incumbunt
424 700 494 729 aut
523 690 712 730 acerrima
741 689 889 743 frigora
914 688 1092 736 faciunt,
1120 697 1167 727 ut
1196 686 1238 726 &
1270 685 1346 725 ho-

70 750 195 789 mines
220 752 259 790 &
285 750 466 790 animalia
485 750 655 790 laedant.
709 749 927 804 Frigorofis
951 763 1046 803 ergo
1072 747 1302 802 regionibus
1322 757 1347 787 a

69 812 234 851 meridie
258 823 328 851 aut
360 812 410 851 ab
443 812 588 852 occasu
627 812 796 852 hiberno
823 813 960 852 ianuas
991 812 1033 852 &
1065 809 1254 850 fenestras
1282 808 1345 849 fa-

70 873 172 912 cies:
204 872 404 914 aestivofis
437 884 538 914 vero
565 886 587 914 a
612 873 737 914 borea
763 874 804 914 δι
839 874 1123 929 septemtrione
1155 871 1242 912 fieri
1271 884 1344 911 or-

71 933 235 974 dinabis.

642 1017 768 1058 111.

483 1100 544 1139 De
565 1113 677 1152 aquae
705 1097 909 1138 inventione.

122 1174 331 1227 Quoniam
360 1173 498 1215 usibus
533 1176 712 1215 omnium
751 1175 918 1214 maxime
954 1173 1192 1215 neceffariae
1213 1186 1344 1227 aquae

68 1238 282 1287 videntur,
313 1239 442 1291 primo
475 1249 580 1290 quae
609 1249 755 1290 genera
784 1249 914 1276 terrae
944 1248 1084 1276 tenues
1112 1247 1183 1276 aut
1210 1237 1342 1276 abun-

68 1301 207 1341 dantes
243 1314 368 1341 venas
398 1302 605 1349 emittant,
646 1301 791 1353 quibus
824 1302 943 1341 etiam
979 1300 1097 1352 fignis
1120 1299 1235 1338 altius
1270 1299 1341 1338 de·-

68 1362 217 1416 preffae
245 1363 532 1411 inveniantur,
569 1362 777 1414 quomodo
817 1375 865 1400 ex
898 1361 1077 1401 fontibus
1112 1361 1178 1401 vel
1209 1362 1342 1414 puteis

66 1425 285 1472 ducantur,
310 1437 413 1477 quae
435 1426 607 1465 nocivos
639 1436 708 1465 aut
742 1424 916 1465 salubres
942 1424 1116 1463 habeant
1138 1424 1339 1475 liquores,

64 1485 234 1527 studiose
264 1487 362 1527 scire
393 1498 572 1541 oportet.
602 1488 746 1541 Aquae
774 1500 872 1540 ergo
902 1486 1095 1527 fontanae
1124 1498 1192 1525 aut
1221 1485 1342 1539 spon-

64 1560 104 1589 te
131 1548 334 1602 perfluunt
365 1561 434 1589 aut
461 1549 575 1602 saepe
606 1550 656 1588 de
683 1550 813 1602 puteis
843 1549 1073 1596 abundant3
1110 1561 1278 1601 quarum
1312 1547 1341 1587 fi

63 1610 162 1650 tales
187 1612 328 1665 copiae
349 1623 431 1651 non
463 1622 606 1660 erunt,
646 1610 763 1664 signis
784 1609 881 1650 infra
912 1610 1064 1664 scriptis
1090 1609 1342 1664 quaerendae

63 1672 163 1713 sunt.
201 1673 283 1714 Sub
317 1685 423 1714 terra
454 1675 583 1728 capita
613 1687 805 1726 aquarum
844 1674 886 1713 ὅ(
916 1675 1096 1727 proxima
1134 1673 1343 1720 fontibus,

65 1735 206 1774 altiora
237 1737 394 1788 puteis,
434 1737 666 1789 colligenda.
700 1737 807 1775 Ante
841 1735 943 1774 Solis
974 1735 1109 1788 itaque
1135 1747 1269 1775 ortum
1301 1736 1342 1774 in

64 1796 189 1845 locis,
224 1799 369 1851 quibus
400 1810 503 1851 aqua
534 1800 762 1851 quaeritur,
795 1799 1015 1851 aequaliter
1045 1799 1084 1837 in
1110 1810 1216 1838 terra
1244 1811 1342 1852 pro-

65 1859 275 1898 cumbatur
291 1890 302 1908 ,
324 1860 364 1898 δε
387 1872 525 1899 mento
554 1858 734 1912 deposito
759 1872 828 1913 per
846 1872 893 1898 ea
924 1858 1216 1913 prospiciatur,
1248 1872 1340 1900 mox

64 1921 222 1960 videbis
247 1922 283 1959 in
311 1922 629 1974 quibuscumque
654 1921 751 1960 locis
783 1934 884 1974 aqua
908 1920 1054 1960 latebat
1081 1921 1271 1960 humores
1300 1922 1340 1961 in

64 1984 157 2020 aere
187 1981 302 2035 supra
332 1995 475 2023 terram
503 1981 739 2034 crispantes,
777 1983 818 2022 δι
844 1982 883 2020 in
914 1982 1073 2021 modum
1103 1984 1236 2021 tenuis
1267 1996 1340 2022 ne·

63 2043 179 2084 bulae
207 2058 337 2084 rorem
376 2046 627 2099 spargentes,
660 2046 769 2099 quod
803 2048 840 2084 in
875 2045 988 2086 ficcis
1028 2048 1067 2086 &
1099 2047 1215 2086 aridis
1240 2047 1340 2086 locis

64 2104 151 2145 fieri
171 2118 250 2144 non
270 2106 409 2158 potest.
435 2107 741 2158 Quaerentibus
760 2120 855 2160 ergo
875 2120 1017 2159 aquam
1041 2108 1247 2161 diligenter
1264 2109 1339 2147 erit

63 2167 390 2207 confiderandum
421 2170 559 2221 quales
596 2180 725 2210 terrae
759 2170 845 2210 sint.
898 2171 1021 2211 Certa
1060 2173 1162 2211 enim
1194 2185 1341 2225 genera

64 2227 154 2267 sunt
180 2230 219 2268 in
248 2231 392 2282 quibus
416 2242 484 2270 aut
509 2232 714 2272 abundans
751 2245 821 2272 aut
850 2234 980 2273 tenuis
1009 2247 1110 2286 aqua
1143 2234 1338 2274 nascatur.

62 2289 106 2329 ln
131 2302 237 2330 creta
270 2293 425 2339 tenuis,
464 2291 527 2332 sed
556 2294 690 2341 exilis,
714 2307 787 2336 nec
821 2296 962 2347 optimi
998 2295 1144 2349 saporis
1178 2298 1340 2335 inveni-

62 2362 151 2399 tur3
190 2353 228 2391 in
262 2352 449 2394 sabulone
487 2353 619 2394 soluto
650 2357 782 2395 tenuis
819 2356 955 2395 limosa
982 2358 1022 2396 δέ
1047 2356 1221 2396 insuavis
1242 2389 1252 2406 ‚
1280 2358 1340 2397 al·-

62 2415 235 2456 tioribus
268 2416 368 2457 locis
395 2417 550 2467 mersa3
592 2418 633 2457 in
661 2430 765 2460 terra
792 2421 902 2473 nigra
932 2419 1119 2458 stillarum
1152 2420 1338 2461 humores

1004 2482 1093 2536 Y3
