1600 2902
86 1888 187 1930 ¹497

260 208 344 255 DE
380 207 446 253 M.
482 204 802 255 VITRUVIO
838 205 1180 254 POLLIONE.
1262 220 1356 255 XIX

245 316 398 355 duflihus
420 331 492 355 cum
518 314 595 367 eſj'et
618 314 908 366 mendqlzffimus:
939 314 1153 367 Pomponius
1177 314 1211 352 6·
1236 315 1361 368 Sulpi-

247 371 316 409 tius
339 382 436 408 tanto
468 370 577 421 studio
595 371 648 420 fic
681 371 899 409 emendarum
930 368 1009 408 &c.
1050 367 1173 407 verba
1200 368 1361 421 quidem

248 422 440 462 exstantia
458 424 576 462 etiam
609 423 657 461 ad
687 423 834 462 calcem
862 422 1038 463 eiusdem
1065 421 1152 462 libri
1179 424 1219 462 in
1246 423 1364 475 supe-

250 478 331 518 rius
354 489 573 516 memorata
588 477 792 525 editione,
817 488 920 529 quae
946 476 1096 529 prodiit
1118 489 1213 516 cura
1232 475 1364 531 Sulpi—

252 532 309 571 tii.
357 531 481 584 Igitur
507 532 726 571 Florentini
751 530 926 571 editores
956 528 1149 570 librorum
1180 531 1363 571 Vitruvii

253 586 380 640 probe
412 597 610 625 noverant
638 584 894 638 Sulpitianam
928 585 1170 624 editionem:
1207 597 1257 624 ex
1283 598 1365 638 qua

249 639 539 693 descripserunt
566 640 683 679 etiam
714 638 837 679 verba
865 634 928 677 illa
960 637 1077 677 facile
1106 651 1188 678 non
1216 638 1364 678 descri-

251 694 394 734 benda.
425 693 722 745 Orthographia
749 692 789 730 in
816 692 890 731 hac
919 692 980 730 ed.
1011 691 1144 745 paullo
1173 693 1365 732 emenda-

251 748 329 787 tior
346 747 402 787 est
415 778 427 796 ‚
446 759 564 800 quam
585 747 624 785 in
648 747 823 800 principe
846 746 1022 785 editione
1038 777 1050 793 ‚
1070 749 1364 800 paucioresque

249 802 292 842 &
311 802 512 840 literarum
538 798 832 839 contrafflones
847 830 859 847 ‚
881 800 922 839 δι
946 800 1230 853 typographici
1254 813 1366 840 erro-

251 867 315 895 res
344 854 616 894 offenduntur·
647 852 919 907 interpuntffio
939 854 978 893 in
997 854 1071 892 hac
1090 866 1254 906 quoque
1277 855 1366 894 solis

278 908 404 948 unciis
419 919 487 948 aut
511 907 772 961 simplicibus,
794 920 865 947 aut
887 906 1053 969 geminis
1067 937 1080 955 ‚
1105 907 1171 947 sed
1195 908 1366 948 nonnul-

247 923 295 1002 iis
315 962 355 1001 in
383 961 483 1002 locis
514 964 656 1015 aptior.
708 961 843 1001 Verba
866 960 1025 1001 Graeca
1048 961 1184 1000 itidem
1213 963 1365 1002 Latinis

244 1016 370 1056 literis
399 1016 600 1064 exhibita3
636 1016 677 1056 δι
713 1029 789 1069 pro
827 1015 996 1056 Graecis
1031 1015 1208 1056 verslbus
1235 1028 1364 1056 vacua

247 1069 371 1123 spatia
392 1069 522 1110 relicta
536 1099 548 1119 ,
572 1069 771 1123 saltusque
790 1071 831 1109 in
847 1070 969 1109 Libro
982 1068 1077 1108 VII.
1095 1070 1265 1110 huiusce
1281 1071 1364 1110 edi·-

245 1124 369 1164 tionis
395 1124 539 1172 iidem,
567 1135 688 1178 atque
720 1125 760 1163 in
796 1125 977 1178 principe
1011 1124 1216 1173 editione,
1247 1137 1365 1178 repe-

246 1178 415 1219 riuntur.
452 1178 618 1231 Figurae
641 1179 683 1217 in
703 1177 779 1218 hac
804 1178 866 1218 ed.
898 1178 988 1218 sunt
1015 1178 1119 1218 duae
1145 1179 1194 1217 ad
1222 1178 1303 1219 Lib.
1330 1177 1362 1218 Ι.

245 1244 332 1284 cap.
362 1245 419 1270 10.
441 1234 586 1284 quibus
602 1231 796 1285 adscripta
822 1231 1011 1285 leguntur
1034 1231 1260 1271 Ventorum
1286 1245 1363 1272 no—

246 1286 376 1324 mina:
406 1295 569 1340 tresque
593 1285 691 1325 aliae
714 1287 761 1324 ad
789 1286 872 1325 Lib.
899 1286 964 1325 lX.
985 1297 1072 1339 cap.
1097 1299 1126 1324 1.
1154 1286 1196 1325 δε
1213 1301 1247 1325 2.
1272 1288 1364 1338 qui-

245 1339 321 1379 bus
345 1339 531 1379 nonnulla
551 1339 738 1392 quadrata
760 1339 1011 1379 exhibentur.
1040 1339 1169 1391 Quod
1191 1353 1291 1379 vero
1310 1352 1366 1380 at.

242 1393 344 1433 tinet
367 1393 415 1431 ad
436 1392 667 1432 consensum
698 1394 863 1433 huiusce
884 1406 976 1432 cum
1007 1393 1186 1446 principe
1213 1394 1363 1434 editio-

245 1458 323 1495 ne3
347 1448 385 1485 in
408 1447 611 1486 nonnullis
634 1448 766 1486 verbis
788 1448 950 1500 exiguas
965 1447 1155 1499 quasdam
1176 1449 1364 1488 mutatio-

240 1512 314 1539 nes
344 1499 674 1547 observavimus,
704 1513 808 1553 quae
841 1501 993 1541 sensum
1023 1501 1258 1554 plerumque
1282 1502 1363 1542 cla·-

243 1554 393 1593 riorem
413 1554 577 1594 reddere
599 1554 708 1593 visae
738 1555 848 1593 sunt:
871 1564 913 1593 at
942 1555 1216 1607 (dolendum)
1246 1556 1362 1596 mini·

243 1619 306 1647 me
330 1607 506 1655 constat,
531 1621 611 1659 qua
637 1610 792 1648 ratione
814 1609 851 1647 in
885 1621 1037 1648 textum
1065 1609 1267 1648 variantia
1296 1610 1360 1650 illa

241 1662 364 1701 verba
385 1661 530 1702 fuerint
549 1662 727 1711 indu&a;
745 1676 840 1702 num
856 1676 904 1702 ex
917 1662 1051 1716 aliquo
1068 1662 1221 1703 Codice
1240 1675 1359 1716 mst0‚

241 1728 334 1755 num
353 1728 401 1754 ex
417 1716 582 1755 editoris
602 1717 761 1769 ingenio
782 1718 1015 1771 prodierint.
1030 1734 1053 1754 α
1073 1738 1118 1748 --
1148 1718 1212 1756 Cf.
1230 1717 1359 1758 Man-

240 1772 340 1809 taire
357 1771 499 1809 Annal.
524 1783 569 1822 ty
603 1783 687 1823 ogr.
712 1771 762 1810 T.
784 1773 812 1810 l.
836 1771 938 1811 Part.
963 1783 1008 1810 11.
1029 1785 1066 1825 p.
1088 1774 1179 1811 610.
1212 1772 1359 1814 Panzer

239 1822 290 1863 T.
307 1822 334 1862 1.
352 1838 388 1876 p.
408 1838 498 1876 425.
512 1824 552 1864 δι
586 1826 738 1865 ndicem
754 1826 930 1865 nostrum
946 1826 1035 1865 edd.
1052 1825 1231 1866 Frontini
1250 1840 1353 1880 p.L1.

241 1879 326 1917 Hoc
346 1879 381 1917 in
408 1879 575 1919 volumine
601 1880 684 1918 llaec
708 1882 932 1918 continentur.
981 1881 1163 1919 Cleonidae
1195 1883 1357 1921 Harmo—

240 1932 353 1971 nicum
382 1933 659 1972 introduHorium
690 1934 864 1988 interprete
890 1935 1035 1985 Georgio
1065 1932 1173 1972 Valla
1204 1935 1356 1975 Placen-

241 1986 327 2025 tino.
360 1987 402 2024 L.
437 1989 474 2025 V
471 1988 590 2026 itruvii
616 1983 789 2028 Pollionis
808 1991 847 2028 de
870 1989 1106 2027 As‘cfzizeaura
1123 1988 1220 2026 Libri
1234 1993 1354 2030 decem.

235 2041 339 2078 Sexti
362 2041 447 2079 Iulii
466 2041 626 2080 Frontini
646 2044 683 2080 de
709 2044 984 2094 Aquaeduffl'bus
1016 2042 1118 2080 Liber
1143 2058 1246 2082 unus.
1279 2048 1359 2082 An-

237 2095 307 2144 geli
326 2095 495 2133 Politiani
518 2094 756 2148 opusculum:
790 2101 881 2148 quod
905 2097 1162 2149 Panepiflemon
1194 2097 1356 2143 inscribi—

242 2159 308 2184 tur.
336 2149 463 2202 Angeli
483 2149 654 2188 Pontiani
680 2151 717 2188 in
734 2153 850 2203 priora
877 2152 1074 2202 Analytica
1088 2151 1278 2203 praelesslio.
1301 2155 1358 2191 cuc*

242 2199 364 2238 titulus
392 2205 432 2253 est
458 2203 596 2241 Lamia.
631 2203 676 2242 ln
705 2203 783 2243 fine
810 2205 1012 2244 Vitruvii:
1053 2204 1252 2257 lmprqfflmz
1284 2209 1358 2244 Ve-

241 2253 340 2290 neriis
358 2270 417 2307 per
447 2258 617 2295 Simonem
644 2258 842 2310 P.1p1'ensem
866 2261 987 2298 dicium
1005 2259 1247 2309 Bivilaquam.
1272 2262 1358 2298 An-

241 2320 285 2343 !10
304 2308 360 2344 M.
381 2311 502 2348 CCCC.
522 2312 806 2351 LXXXXVII.
830 2314 881 2350 die
904 2315 1003 2351 tertio
1018 2312 1181 2363 Augusti·
1205 2311 1276 2353 fol.
1303 2336 1357 2344 ——

240 2374 262 2394 υ
278 2358 318 2419 In
347 2361 419 2399 hac
439 2363 499 2401 ed.
522 2362 792 2405 praefationes
813 2367 944 2405 nullae
965 2367 1077 2411 sunt,
1103 2365 1253 2405 nulium
1273 2368 1358 2406 edi·

241 2423 340 2451 toris
372 2427 544 2463 nomen,
576 2419 724 2458 nullum
752 2422 923 2459 nominis
946 2422 1124 2459 eiusdem
1151 2421 1354 2462 indicium.

239 2465 358 2506 Liber
375 2470 523 2519 primus
544 2472 720 2511 Vitruvii
747 2474 785 2511 in
808 2486 939 2526 cupita
970 2475 1122 2512 {ceatur
1143 2476 1358 2526 pauciora,

240 2534 358 2574 quam
380 2523 417 2561 in
444 2524 640 2576 prioribus
657 2527 913 2569 editionibus,
941 2526 1249 2569 Conrrafflones
1267 2533 1360 2571 lite-

1036 2581 1113 2621 b2
