1600 2902
273 183 354 228 DE
389 181 876 229 ARCHITECTURA
914 183 1022 229 LIB.
1060 183 1121 229 X.
1226 199 1316 249 307

64 290 119 335 in'
137 288 384 334 altitudine
412 287 464 332 fit
497 285 656 333 ereffla.
716 288 918 333 Modioli
945 298 1105 334 autem
1141 289 1317 335 habent

63 362 178 407 infra
216 377 344 406 nares
378 361 613 405 inferiores
647 361 908 406 fistularum·
935 378 1039 405 axes
1080 363 1319 424 interposi-

61 447 133 480 tos
167 434 301 494 supra
330 434 555 479 foramina
589 451 745 479 earum
768 470 780 490 ,
830 452 950 494 quae
987 435 1093 480 sunt
1126 438 1174 481 in
1210 438 1318 482 fun-

61 507 142 550 dis.
178 507 244 551 Ita
267 508 326 552 de
349 508 552 567 supernis
579 508 625 551 in
655 508 871 552 modiolis
900 509 1075 553 emboli
1099 511 1314 565 masculi,

60 590 197 623 torno
232 579 370 639 politi
396 579 435 623 Sc
466 580 570 623 oleo
591 576 764 624 subaffi
782 614 793 635 ,
831 582 1132 640 conclusique
1151 582 1319 644 regulis

60 653 103 699 8c
137 650 346 698 veffibus
386 654 762 708 convolvuntur,
809 655 891 712 qui
938 655 1061 699 ultro
1105 656 1318 715 citroque

60 723 299 782 frequenti
317 733 453 768 motu
486 735 749 783 prementes
784 730 964 778 aerem,
1001 725 1083 783 qui
1112 728 1195 771 erit
1230 727 1322 785 ibi,

61 813 172 842 cum
191 814 311 857 aqua
329 797 490 841 axibus
507 795 837 840 obturantibus
871 796 1094 842 foramina
1108 833 1119 853 ‚
1142 813 1322 862 cogunt

61 871 103 916 Sc
122 870 379 915 extrudunt
404 868 614 914 inflando
637 869 943 928 preffionibus
966 887 1048 930 per
1070 872 1324 921 fistularum

63 959 192 988 nares
220 958 390 1001 aquam
422 942 469 985 in
506 942 741 996 catinum,
785 959 809 986 e
847 958 944 1000 quo
980 943 1205 1003 recipiens
1240 964 1325 1006 pe-

64 1015 174 1058 nula
208 1013 388 1073 spiritus
420 1013 640 1073 exprimit
674 1029 755 1071 per
794 1013 989 1058 fistulam
1029 1015 1078 1059 in
1113 1018 1327 1063 altitudi-

62 1105 199 1133 nem:
250 1088 291 1134 Sc
331 1087 392 1131 ita
429 1103 488 1132 ex
519 1086 735 1131 inferiore
765 1087 871 1132 loco
908 1088 1089 1133 castello
1125 1092 1327 1138 colloca-

66 1175 116 1207 to
137 1198 150 1219 ‚
177 1163 235 1207 ad
261 1161 519 1207 saliendum
550 1177 670 1219 aqua
694 1160 1078 1208 s=.1bministratur.
1125 1165 1226 1210 Nec
1258 1179 1328 1210 ta·-

64 1251 178 1280 men
225 1235 336 1278 haec
373 1231 462 1278 sola
504 1232 618 1276 ratio
662 1231 851 1275 Ctesibii
884 1232 1027 1278 fertur
1069 1237 1324 1295 exquisita;

64 1308 144 1353 sed
179 1308 317 1352 etiam
340 1308 493 1366 plures
525 1305 565 1349 Sc
597 1303 729 1347 variis
754 1304 1000 1364 generibus
1029 1307 1169 1364 aliae,
1205 1325 1326 1367 quae

65 1381 124 1425 ab
161 1396 216 1425 eo
247 1380 432 1438 liquore
452 1374 756 1436 pressionibus
777 1372 937 1419 coadio
959 1377 1119 1435 spiritu
1141 1413 1154 1434 ‚
1193 1380 1327 1425 effer'-

66 1469 116 1499 re
145 1470 170 1497 a
199 1464 364 1497 natura
392 1459 630 1495 mutuatos
665 1443 851 1491 effecf'tus
879 1449 1220 1496 ostenduntur:
1258 1455 1328 1498 uti

66 1526 353 1570 merularum
378 1555 390 1578 ,
441 1537 563 1580 quae
608 1530 744 1563 motu
785 1535 922 1564 voces
957 1522 1137 1578 edunt,
1181 1536 1328 1584 atque

69 1598 279 1660 engibata
298 1629 311 1652 ‚
338 1610 458 1654 quae
490 1589 700 1637 bibentia
720 1591 914 1635 tandem
936 1606 1134 1637 movent
1163 1595 1330 1656 sigilla,

68 1681 341 1729 ceteraque,
370 1684 490 1727 quae
518 1661 905 1710 delectationibus
925 1667 1173 1712 oculorum
1191 1667 1230 1712 Sc
1245 1685 1331 1713 au-

69 1742 195 1787 rium
217 1740 367 1784 sensus
393 1737 757 1783 eblandiuntur:
782 1753 806 1780 e
838 1738 1011 1796 quibus
1044 1756 1162 1798 quae
1184 1743 1331 1786 maxi·-

70 1830 148 1858 me
165 1812 292 1857 utilia
312 1812 352 1856 8c
379 1809 616 1854 necessaria
636 1806 860 1863 iudicavi,
883 1809 1033 1871 selegi,
1052 1810 1090 1854 8c
1111 1812 1157 1855 in
1174 1813 1328 1871 priore

72 1883 320 1929 volumine
340 1881 400 1925 de
418 1882 693 1945 horologiis,
716 1885 762 1927 in
780 1882 868 1925 hoc
889 1881 949 1925 de
964 1883 1332 1940 expressionibus

62 1973 223 2016 aquae
245 1956 502 2001 dicendum
523 1958 697 2015 putavi.
723 1956 944 2015 Reliqua,
967 1971 1087 2014 quae
1108 1972 1204 2000 non
1223 1957 1332 2003 sunt

73 2028 131 2072 ad
148 2029 482 2082 necellitatem5
514 2027 592 2071 sed
623 2027 680 2072 ad
706 2027 975 2072 deliciarum
1007 2028 1333 2086 voluptatem,

75 2100 158 2159 qui
192 2099 456 2159 cupidiores
493 2111 629 2144 erunt
661 2101 755 2145 eius
783 2099 1069 2154 subtilitatis,
1110 2116 1167 2144 ex
1195 2100 1334 2162 ipsius

77 2173 265 2220 Ctesibii
299 2173 642 2218 commentariis
665 2183 890 2234 poterunt
918 2172 1138 2217 invenire.

444 2301 482 2345 C
503 2300 540 2345 A
561 2301 595 2344 Ρ
619 2299 657 2344 U
675 2298 720 2344 T
787 2298 834 2343 X
856 2298 875 2342 I
896 2299 915 2342 I
935 2297 965 2342 I.

503 2383 570 2427 De
610 2382 901 2444 Hydraulz'cis.

132 2465 207 2511 De
236 2463 536 2527 Hydraulicis
569 2476 729 2510 autem
765 2480 878 2524 quas
913 2462 1118 2574 halx2eant
1154 2464 1339 2510 ratioci-

1002 2530 1017 2558 ἶ
1056 2545 1082 2575 2
