1600 2902
264 223 347 270 DE
384 217 878 268 ARCHITECTURA
912 215 1022 265 LIB.
1056 215 1141 263 IX.
1248 217 1333 265 261

72 335 161 380 bus
182 366 194 388 ‚
225 330 359 391 quod
396 330 565 374 umbra
600 328 848 391 gnomonis
874 323 1224 387 aequinoctialis
1252 325 1339 370 alia

73 404 397 468 magnitudine
430 404 491 448 est
526 403 747 458 Athenis,
783 401 868 446 alia
892 399 1226 455 Alexandriae,
1253 400 1338 445 alia

72 479 278 533 Romae,
315 494 413 522 non
442 476 605 521 eadem
650 474 908 519 Placentiae
930 508 943 530 ,
974 472 1232 532 ceterisque
1267 479 1343 515 or-

71 552 141 598 bis
172 566 396 598 terrarum
440 552 562 596 locis.
604 550 771 608 Itaque
808 551 948 610 longe
999 549 1128 592 aliter
1175 547 1343 591 distant

72 626 404 687 descriptiones
433 624 785 685 horologiorum
805 657 819 679 ,
867 624 1081 668 locorum
1116 620 1344 666 mutatio-

71 700 223 745 nibus.
270 697 558 743 Umbrarum
582 695 705 739 enirn
728 693 1142 754 aequinof'tialium
1162 692 1343 756 magni·-

73 770 317 815 tudinibus
353 769 650 830 designantur
678 767 1098 811 analemmatorum
1132 765 1346 821 formae,

74 859 132 888 ex
155 843 327 902 quibus
359 839 667 901 perficiuntur
695 838 752 883 ad
787 843 1017 883 rationem
1050 840 1265 882 locorum
1302 836 1343 881 Sc

74 916 271 960 umbrae
299 929 594 977 gnomonum
616 912 833 956 horarum
862 912 1205 971 descriptiones.
1231 911 1349 955 Ana-

77 989 271 1042 lemma,
304 987 366 1030 est
402 986 518 1030 ratio
540 985 797 1044 conquisita
834 985 937 1029 solis
965 983 1099 1029 cursu
1118 1018 1130 1038 ‚
1168 983 1209 1029 8c
1237 999 1345 1028 um·-

76 1061 185 1106 brae
211 1058 450 1103 crescentis
473 1074 497 1101 a
520 1057 707 1111 bruma,
731 1056 1053 1101 observatione
1078 1055 1268 1101 inventa
1287 1089 1299 1111 ,
1322 1072 1351 1100 e

78 1148 171 1190 qua
201 1147 283 1190 per
312 1130 511 1175 rationes
543 1124 941 1183 architectonicas,
974 1127 1231 1186 circinique
1262 1126 1345 1171 de-

76 1203 346 1263 scriptiones
368 1235 381 1257 ,
433 1201 495 1246 est
544 1202 763 1247 inventus
812 1197 997 1246 effectus
1045 1202 1094 1245 in
1144 1200 1344 1244 mundo.

80 1275 293 1322 Mundus
311 1284 470 1320 autern
496 1274 556 1318 est
582 1273 798 1318 omniurn
826 1285 1017 1317 naturae
1046 1289 1202 1317 rerum
1231 1287 1346 1316 con-

80 1350 237 1408 ceptio
275 1346 484 1402 summa,
519 1347 807 1404 coelumque
836 1345 1057 1390 sideribus
1085 1343 1349 1388 conforma-

81 1437 199 1467 tum.
237 1422 292 1466 Id
326 1421 532 1466 volvitur
560 1421 859 1466 continenter
880 1420 1055 1465 circum
1091 1431 1258 1464 terram
1281 1429 1350 1461 at-

80 1512 178 1556 que
201 1511 351 1550 mare,
386 1511 468 1554 per
491 1494 584 1539 axis
614 1493 820 1538 cardines
845 1505 1090 1537 extremos.
1123 1492 1348 1550 Namque

80 1569 129 1612 in
161 1568 227 1612 his
256 1568 367 1612 locis
392 1566 614 1612 naturalis
633 1566 829 1627 potestas
855 1566 915 1609 ita
943 1561 1235 1609 architectata
1259 1564 1346 1619 est,

80 1642 426 1702 collocavitque
471 1642 678 1686 cardines
709 1652 937 1700 tanquam
971 1651 1152 1695 centra,
1191 1655 1347 1685 unum

81 1732 107 1760 a
140 1727 256 1760 terra
305 1716 345 1760 gc
375 1733 399 1760 a
444 1715 559 1759 mari
590 1715 637 1758 in
670 1714 856 1759 summo
900 1714 1110 1769 mundo,
1161 1729 1211 1758 ac
1247 1712 1350 1773 post

82 1787 196 1847 ipsas
227 1788 368 1832 stellas
387 1786 819 1847 Septemtrionum:
851 1788 1048 1831 alterurn
1082 1799 1203 1831 trans
1234 1802 1350 1830 con-

85 1871 151 1905 tra
179 1859 263 1904 sub
295 1871 411 1904 terra
442 1860 491 1904 in
525 1860 788 1905 meridianis
813 1860 1047 1921 partibus,
1078 1855 1244 1918 ibique
1264 1860 1351 1904 cir-

83 1949 194 1978 cum
242 1950 318 1978 eos
351 1933 558 1978 cardines
592 1932 826 1977 orbiculos
848 1967 860 1988 ,
909 1943 1133 1991 tanquam
1170 1932 1348 1976 circum

85 2015 270 2061 centra,
313 2016 366 2049 ut
405 2005 453 2048 in
486 2016 625 2047 torno
654 2004 873 2064 perfecit,
911 2007 993 2064 qui
1031 2004 1204 2048 Graece
1240 2007 1350 2047 πόλοι

86 2078 422 2132 nominantur,
471 2093 556 2136 per
611 2093 728 2136 quos
771 2078 1020 2137 pervolitat
1064 2077 1350 2136 sempiterno

88 2150 289 2194 coelum.
336 2149 403 2192 Ita
432 2150 585 2193 media
619 2161 734 2194 terra
776 2167 885 2195 curn
922 2150 1065 2205 mari,
1106 2151 1249 2194 centri
1279 2152 1348 2194 lo-

89 2239 146 2268 co
178 2224 446 2267 naturaliter
478 2223 539 2267 est
568 2217 802 2268 collocata.
846 2225 929 2268 His
962 2235 1123 2267 natura
1157 2222 1350 2282 disposi-

89 2296 175 2347 tis,
224 2296 283 2338 ita
318 2296 386 2338 uti
417 2295 781 2354 septemtrionali
822 2307 950 2356 parte
989 2312 1013 2339 a
1047 2311 1160 2341 terra
1195 2296 1349 2340 excel·-

88 2369 175 2413 slus
206 2368 371 2411 habeat
412 2367 662 2412 altitudine
707 2380 948 2422 centrum,
1008 2369 1054 2412 in
1095 2368 1349 2412 meridiana

89 2454 245 2485 autern
287 2451 414 2499 parte
449 2439 740 2485 inferioribus
771 2442 884 2486 locis
918 2440 1179 2485 subiefflum
1213 2459 1236 2485 a
1262 2452 1350 2485 ter-

89 2531 141 2561 ra
173 2513 475 2569 obscuretur,
512 2524 626 2557 tunc
661 2514 798 2558 etiarn
822 2530 903 2574 per
931 2513 1168 2570 medium,
1208 2523 1352 2559 trans-

1002 2578 1100 2641 ΗΞ
