1600 2902
190 175 295 210 'Vm
435 163 503 209 M.
541 163 842 210 VITRUVII
876 165 1165 214 POLLION
1170 167 1221 214 IS

192 270 482 311 rotundatione
505 282 625 323 agens
654 269 923 311 machinarum
955 272 1003 312 ad
1027 287 1197 316 onerum
1227 275 1465 317 levationes.

190 330 248 371 Ex
276 332 473 384 praedi&
478 346 564 372 rum
592 333 713 385 igitur
734 333 912 372 omnium
918 334 1138 377 εωξὶοτυιῃ
1161 337 1363 387 doctrina,
1392 340 1468 378 ab-

189 393 462 435 solutissimum
493 395 618 434 torius
646 394 936 437 archite&1rae
964 410 1140 451 corpus,
1169 401 1208 440 in
1233 402 1370 442 decem
1402 402 1464 441 di·-

188 455 316 496 visum
347 456 494 505 libros,
527 455 784 510 compilavit,
813 458 1006 499 methodo
1035 459 1127 501 usus
1151 474 1223 511 ea,
1254 477 1370 516 quam
1397 477 1463 504 re-=

189 516 402 558 solutivam
429 518 642 571 appellant.
682 517 884 572 Propofita
916 521 1020 560 enim
1052 521 1121 561 fibi
1147 523 1404 574 definitione,
1422 526 1465 567 δε

188 579 229 620 in
262 579 350 620 suas
374 591 507 635 partes
535 581 771 631 distributa,
800 582 960 636 fingulis
989 583 1097 626 libris
1130 586 1299 639 fingulas
1329 598 1463 641 partes

189 640 410 695 affignavit.
456 643 502 682 In
534 644 670 696 primis
704 656 805 684 vero
842 645 1105 686 architektum
1145 646 1268 699 ipsum
1297 648 1462 700 diligene

188 704 327 746 tiffime
353 706 545 757 instituit,
566 709 608 749 &
626 709 747 748 variis
775 707 988 762 disciplinis
1016 710 1058 749 &
1084 708 1256 754 scientiis
1277 710 1462 750 ornavit.

188 766 227 806 in
249 780 330 820 quo
363 782 453 809 cum
488 770 600 824 plura
633 771 854 811 desiderare
886 771 1073 811 videatur
1098 785 1214 825 quam
1243 770 1462 811 archite&o

188 828 266 869 sint
303 831 481 885 undique
510 833 747 883 neceffaria,
776 834 902 874 Leoni
935 834 1132 889 Baptistae
1166 834 1331 885 oblique
1367 845 1463 873 eum

188 893 381 944 carpendi
412 893 661 935 occafionem
686 896 869 950 praebuit
895 896 960 935 lib.
979 896 1050 935 IX.
1078 909 1111 935 c.
1136 910 1195 935 ιο,
1223 895 1294 934 ubi
1319 892 1462 947 &ipse

186 954 449 997 architeehnn
482 956 597 998 suum
625 957 826 999 efformar.
872 959 957 1001 Cur
986 971 1120 999 autem
1156 958 1192 998 id
1220 957 1366 998 saelum
1392 957 1462 1005 sit,

185 1030 235 1056 ea
261 1020 365 1059 ratio
396 1020 477 1069 est,
516 1022 626 1074 quod
651 1022 865 1063 Vitruvius
886 1023 935 1061 ad
961 1022 1264 1076 perstffionem,
1291 1019 1371 1075 ipse
1387 1032 1463 1060 ve-

185 1093 236 1120 ro
261 1082 309 1120 ad
330 1095 480 1140 meram
508 1084 649 1125 necess
656 1096 777 1125 tatem
806 1085 1030 1140 respexerit.
1073 1085 1150 1125 Sed
1174 1098 1218 1126 ut
1245 1098 1268 1125 a
1291 1083 1460 1125 diverti-

186 1141 281 1181 culo
306 1143 347 1181 in
376 1143 482 1183 viam
511 1156 782 1194 revertamur3
816 1145 1134 1186 Architec‘turam
1157 1145 1291 1185 noster
1319 1142 1460 1183 au&or

185 1204 458 1244 trimembrem
485 1205 605 1255 fecit,
626 1208 665 1246 δι
693 1208 748 1247 ita
771 1208 925 1255 divisit,
943 1219 987 1248 ut
1011 1219 1163 1261 partem
1187 1208 1351 1260 primam
1374 1205 1459 1244 Ae-

186 1265 452 1306 dificatoriam
467 1298 478 1316 ‚
499 1267 709 1309 secundam
728 1269 1032 1318 Gnomonicen,
1060 1270 1215 1309 tertiam
1239 1281 1341 1308 vero
1363 1267 1461 1306 Ma·=⁴

186 1327 461 1368 chinationem
501 1331 775 1384 appellaverit.
822 1331 974 1371 Primae
1000 1333 1120 1384 igitur
1150 1331 1252 1386 parti
1285 1330 1459 1382 primum

187 1388 331 1428 librum
367 1390 552 1444 affignat‚
591 1394 631 1431 in
669 1391 843 1433 secundo
873 1393 1076 1440 materiam
1110 1392 1385 1446 prosequitur,
1417 1391 1459 1430 in

186 1453 310 1491 tertio
354 1452 549 1493 sacrarum
593 1455 751 1495 aedium
795 1455 945 1495 formas
979 1456 1020 1495 &
1055 1455 1205 1508 species
1235 1455 1458 1502 examinat,

184 1527 371 1569 quartum
398 1528 725 1558 ornamentorum
754 1517 966 1571 generibus
991 1518 1152 1566 tribuit,
1176 1518 1359 1570 quintum
1378 1530 1459 1571 pu·-

185 1575 300 1614 blicis
317 1576 531 1626 aedificiis,
551 1590 630 1617 non
653 1589 789 1617 tamen
807 1576 947 1626 sacris,
960 1577 1133 1618 Bafilicis
1152 1589 1318 1631 nempe,
1340 1579 1458 1618 thea-

185 1638 285 1686 tris,
311 1638 500 1687 thermis,
535 1639 759 1693 palaestris,
786 1640 998 1694 portubus.
1029 1640 1077 1679 In
1102 1639 1213 1680 sexto
1240 1641 1289 1679 de
1317 1640 1457 1694 priva-

184 1701 236 1740 tis
258 1702 423 1741 aedibus
450 1714 534 1741 tum
560 1701 743 1752 rusticis,
773 1714 859 1743 tum
886 1704 1071 1752 urbanis,
1097 1704 1189 1756 agit.
1233 1703 1457 1757 Septimum

184 1763 365 1804 tecioriis
390 1764 480 1813 dat,
505 1765 545 1804 ὅ(
572 1764 749 1817 ρὶᾶὶυῐὶε.
791 1765 992 1806 Οᾶεινιιηῑ
1014 1779 1204 1818 aquarum
1230 1766 1458 1805 librationi-

183 1826 285 1874 bus,
314 1826 355 1866 ὃ(
381 1825 696 1881 aquaeduffibus
719 1842 728 1865 z
758 1828 903 1880 quibus
934 1827 1059 1868 ferme
1083 1827 1193 1867 libris
1217 1827 1456 1868 aedificato-

184 1890 284 1930 riam
313 1900 438 1932 totam
466 1889 755 1942 compleffitur.
790 1890 835 1929 In
863 1903 973 1930 nono
995 1890 1045 1928 de
1072 1888 1327 1929 Gnomonice
1348 1890 1457 1941 agit,

183 1954 222 1994 id
253 1965 410 2000 tamen,
442 1951 467 1990 sl
498 1951 675 1992 exaustum
706 1950 910 2004 respicias,
940 1950 1234 2004 perfunctorie,
1262 1950 1303 1989 δε
1328 1949 1455 2000 ficco,

183 2028 231 2056 ut
255 2017 366 2056 aiunt
382 2046 393 2063 ‚
421 2014 532 2068 pede.
575 2014 618 2053 In
642 2014 799 2054 decimo
822 2015 871 2052 de
902 2013 1093 2053 machinis
1114 2012 1337 2051 luculenter
1370 2023 1455 2050 tra-

186 2077 288 2126 ἂᾶῐ,
320 2081 359 2118 in
399 2089 543 2130 genere
577 2077 771 2129 primum,
803 2088 895 2114 mox
930 2075 978 2115 de
1005 2074 1080 2121 iis,
1113 2087 1216 2124 quae
1244 2073 1290 2111 ad
1322 2074 1456 2125 pacis,

185 2154 270 2182 tum
297 2143 345 2182 de
377 2142 468 2189 illis,
496 2154 599 2194 quae
628 2139 676 2178 ad
705 2138 796 2178 belli
824 2140 1029 2191 negotium
1059 2137 1223 2177 faciunt.
1276 2137 1325 2175 Et
1353 2136 1455 2175 haec

185 2202 359 2244 universi
385 2202 468 2243 fere
492 2201 624 2255 operis
648 2213 834 2240 anatome
863 2199 942 2247 est,
960 2200 1025 2247 Sc,
1048 2210 1092 2239 ut
1116 2200 1170 2238 ita
1198 2199 1323 2237 dicam
1341 2229 1353 2247 ‚
1384 2211 1453 2237 ar-

184 2264 375 2304 ticulatio.
424 2264 547 2303 Porro
573 2275 621 2301 an
645 2262 749 2305 aliud
781 2262 978 2315 quidpiam
996 2292 1007 2309 ‚
1034 2272 1188 2314 praeter
1214 2259 1454 2300 architeRu-

185 2338 267 2364 ram
287 2356 297 2371 ‚
330 2323 548 2371 scripserit,
571 2324 765 2365 incertum
782 2352 793 2370 ,
820 2322 1001 2374 quamvis
1021 2323 1061 2360 in
1087 2321 1211 2360 dubio
1240 2322 1386 2360 certius
1407 2318 1454 2359 sit

184 2387 239 2427 nil
264 2386 472 2439 scripssffe:
503 2386 652 2426 nullum
683 2385 789 2424 enim
824 2385 1049 2423 contrariae
1082 2382 1296 2423 sententiae
1329 2382 1454 2420 habe—

185 2462 276 2490 mus
298 2448 588 2500 testimonium,
609 2447 676 2491 vel
699 2446 917 2491 auetorem.
949 2447 997 2488 Et
1020 2445 1132 2496 sane,
1150 2446 1175 2485 fi
1201 2446 1333 2500 operis
1366 2455 1454 2485 ma-
