1600 2902
290 206 373 253 DE
406 207 893 253 ARCHITECTURA
926 204 1035 252 LIB.
1070 206 1125 250 ΙΙ.
1270 217 1327 268 45

81 433 152 479 De
172 431 404 496 priscorum
429 431 639 475 hominum
661 432 778 476 vita,
817 432 857 472 eb-
893 429 940 472 de
975 429 1108 472 initiis
1135 426 1331 470 humani-

178 514 281 556 tatis
308 524 430 574 atque
463 514 682 557 teelorum,
716 512 754 553 ὼ-
785 511 1051 554 incrementis
1080 525 1230 552 eorum.

142 606 372 651 Homines
408 606 551 650 veteri
586 619 748 661 more,
782 615 835 648 ut
878 602 1024 659 ferae,
1062 602 1109 646 in
1142 602 1257 647 filvis
1291 602 1333 648 Sc

78 679 306 740 speluncis
349 678 390 723 86
426 677 697 723 nemoribus
743 676 1072 732 nascebantur,
1128 675 1336 734 ciboque

78 750 237 812 agresti
267 749 492 794 vescendo
511 782 525 804 ,
548 748 690 792 vitam
712 746 975 809 exigebant.
1010 747 1188 790 Interea
1213 762 1333 805 quo-

82 823 195 867 dam
234 822 282 866 in
316 823 422 867 loco
450 821 508 866 ab
536 820 883 880 tempestatibus
915 819 955 865 8c
986 818 1134 863 ventis
1168 819 1336 864 densae

79 894 399 940 crebritatibus
422 893 602 937 arbores
630 894 824 956 agitatae
843 927 856 950 ,
891 892 933 938 Sc
963 892 1084 936 inter
1115 892 1158 936 se
1182 903 1338 936 teren-

81 983 146 1013 tes
174 985 345 1022 ramos,
386 967 541 1029 ignem
586 968 934 1013 excitaverunt:
983 965 1024 1012 8c
1060 982 1114 1010 eo
1149 966 1338 1011 flamma

77 1041 346 1086 vehementi
371 1039 623 1100 perterriti,
668 1040 751 1100 qui
783 1040 897 1084 circa
923 1055 1032 1083 eum
1063 1040 1220 1084 locum
1241 1039 1341 1083 fue-

77 1126 189 1160 runt
207 1148 220 1169 ,
255 1114 361 1157 sunt
387 1113 542 1175 fugati.
604 1112 764 1157 Postea
790 1129 838 1157 re
863 1112 1020 1171 quieta
1043 1111 1235 1171 propius
1265 1129 1341 1157 ac-

79 1187 320 1241 cedentes,
362 1201 470 1230 cum
497 1185 917 1231 animadvertiffent
949 1184 1340 1230 commoditatem

82 1259 169 1304 effe
203 1274 419 1320 magnam
451 1257 747 1317 corporibUS,
791 1258 848 1302 ad
887 1257 1003 1319 ignis
1035 1269 1250 1317 teporem
1288 1258 1340 1302 li-

82 1347 170 1393 gna
202 1330 495 1385 adiicientes,
535 1328 577 1374 Sc
609 1347 717 1375 eum
741 1329 1083 1384 conservantes,
1115 1330 1226 1374 alios
1257 1329 1340 1374 ad·-

85 1405 346 1460 ducebant,
402 1405 442 1448 8c
486 1417 610 1450 nutu
656 1405 985 1458 monstranteS,
1030 1403 1341 1450 ostendebant

83 1494 196 1537 quas
219 1478 441 1522 haberent
472 1493 529 1522 ex
561 1494 616 1522 eo
646 1478 877 1523 utilitates.
913 1476 967 1521 In
998 1492 1058 1521 eo
1085 1478 1340 1522 hominnm

82 1546 318 1610 congressu
358 1563 469 1592 curn
510 1547 922 1607 profundebantur
955 1548 1087 1593 aliter
1116 1564 1139 1591 e
1178 1546 1342 1607 spiritu

82 1637 249 1676 voces,
293 1620 568 1681 quotidiana
605 1620 949 1665 consuetudine
988 1619 1244 1675 vocabula,
1285 1632 1341 1665 ut

82 1692 344 1754 obtigerant
365 1726 378 1746 ‚
413 1693 781 1737 constituerunt:
836 1693 1008 1738 deinde
1045 1694 1343 1756 significando

83 1780 152 1808 res
180 1763 354 1822 saepius
381 1763 428 1807 in
460 1763 568 1819 usu,
602 1779 661 1808 ex
692 1777 863 1810 eventu
904 1766 985 1811 fari
1017 1766 1212 1812 fortuito
1236 1783 1342 1812 coe-

81 1847 284 1896 perunt,
326 1836 370 1883 8c
397 1837 459 1881 ita
492 1837 722 1883 sermones
753 1840 873 1884 inter
908 1839 952 1884 se
970 1853 1343 1900 procreaverunt.

84 1907 202 1970 Ergo
229 1925 336 1953 cum
373 1922 570 1970 propter
604 1911 717 1972 ignis
742 1912 1066 1957 inventionem
1087 1947 1099 1968 ,
1132 1930 1343 1958 conven-

84 1991 158 2023 tus
190 1981 321 2026 initio
348 1983 472 2042 apud
500 1984 737 2040 homines,
775 1986 816 2030 8c
841 1985 1090 2030 concilium
1110 2019 1122 2043 ‚
1159 1984 1198 2029 8c
1226 2002 1341 2031 con-

85 2049 228 2096 vifflus
252 2054 355 2100 ess'et
378 2068 530 2111 natus,
564 2056 606 2102 Sc
647 2058 693 2101 in
714 2074 864 2103 unum
887 2061 1046 2103 locum
1066 2060 1220 2118 plures
1237 2075 1343 2104 con·

87 2128 326 2183 venirent,
357 2129 579 2175 habentes
598 2132 656 2174 ab
688 2142 849 2176 natura
876 2131 1135 2191 praemium
1164 2144 1342 2191 praeter

88 2198 266 2256 reliqua
284 2201 494 2245 animalia
513 2236 526 2257 ,
559 2214 612 2247 ut
645 2219 741 2247 non
767 2204 937 2262 proni,
974 2203 1050 2247 sed
1086 2201 1221 2248 ereffli
1245 2221 1341 2248 am-

87 2270 303 2314 bularent
319 2305 329 2325 ‚
359 2274 621 2333 mundique
646 2275 686 2319 8c
704 2276 924 2320 astrorum
947 2277 1338 2337 magnificentiam

87 2341 405 2400 adspicerent3
443 2345 555 2388 item
596 2348 812 2392 manibus
853 2349 892 2393 8c
929 2348 1152 2401 articulis,
1196 2365 1338 2406 quarn

87 2417 262 2458 velient
288 2432 383 2459 rem
406 2415 593 2461 faciliter
618 2418 883 2465 tractarent:
924 2432 1180 2478 coeperunt
1211 2421 1256 2463 in
1281 2436 1336 2465 eo

87 2499 226 2532 coetu
258 2487 332 2531 alii
365 2487 424 2532 de
454 2487 617 2533 fronde
642 2490 784 2536 facere
813 2488 957 2548 teth,
1000 2490 1073 2534 alii
1104 2490 1338 2550 speluncas
