1600 2902
263 228 351 272 242
515 208 582 253 M.
619 206 911 254 VITRUVII
944 207 1280 257 POLLIONIS

632 359 971 408 CAPUT
1036 360 1150 407 IV.

257 447 330 493 De
341 446 602 511 proprietate
618 445 717 488 item
743 443 1041 487 nonnullorum
1061 443 1239 488 locorum
1262 444 1516 508 cbfhntium.

322 533 444 579 Sunt
477 533 615 577 etiam
651 529 891 576 nonnullis
930 531 1041 575 locis
1074 530 1280 576 fontium
1306 533 1514 594 proprie-

255 620 398 664 tates,
439 624 560 667 quae
605 617 851 666 procreant
884 605 970 665 qui
1003 605 1068 649 ibi
1099 605 1347 651 nascuntur
1388 623 1515 669 egre-

255 681 338 742 giis
366 680 558 738 vocibus
588 678 647 722 ad
685 677 969 722 cantandum
990 712 1003 733 ,
1035 676 1105 721 uti
1130 676 1300 734 Tarso,
1323 678 1513 741 Magne-

253 753 366 807 fiae,
391 752 584 810 aliisque
607 749 837 795 eiusmodi
860 749 1137 812 regionibus.
1167 749 1412 810 Etiamque
1434 752 1514 795 Za·

252 839 330 868 ma
365 823 427 867 est
449 822 605 867 civitas
634 821 884 876 Afrorum,
914 822 1043 866 cuius
1075 821 1259 866 moenia
1293 838 1372 866 rex
1394 823 1512 867 Iuba

254 896 433 956 duplici
458 912 595 940 muro
625 895 785 956 sepsit,
815 895 978 955 ibique
1006 896 1177 958 regiam
1205 895 1287 940 fibi
1308 895 1513 942 domum

251 968 502 1014 constituit.
536 965 610 1011 Ab
653 983 704 1012 ea
731 967 874 1012 millia
904 966 1117 1027 passuum
1146 968 1311 1030 viginti
1341 968 1403 1012 est
1429 984 1512 1029 op-

250 1042 421 1102 pidum
449 1040 626 1095 Ismuc,
659 1038 789 1085 cuius
821 1055 1036 1101 agrorum
1073 1040 1282 1101 regiones
1314 1040 1513 1086 incredi-

249 1116 332 1161 bili
356 1114 511 1159 finitae
543 1114 652 1158 sunt
682 1113 1022 1159 terminatione.
1088 1114 1210 1159 Cum
1243 1113 1349 1160 esset
1382 1115 1510 1160 enim

249 1187 402 1232 Africa
433 1200 594 1245 parens
627 1185 666 1230 8c
689 1187 851 1230 nutrix
879 1186 1078 1230 ferarum
1108 1186 1378 1242 bestiarum,
1414 1203 1512 1232 rna-

248 1262 378 1307 xime
406 1259 718 1318 serpentium,
755 1259 803 1303 in
829 1259 923 1303 eius
944 1259 1055 1322 agris
1085 1259 1251 1319 oppidi
1276 1261 1402 1304 nulla
1427 1276 1510 1304 na·-

246 1336 415 1388 scitur‚
457 1334 498 1378 Sc
533 1333 562 1376 s1
597 1332 790 1392 quando
823 1334 955 1377 allata
989 1332 1053 1376 ibi
1083 1343 1308 1393 ponatur,
1358 1333 1507 1379 statim

245 1408 469 1454 moritur:
518 1422 677 1466 neque
706 1405 756 1450 id
790 1405 939 1450 solum
975 1406 1063 1462 ibi,
1112 1406 1190 1451 sed
1220 1407 1358 1452 etiarn
1389 1418 1507 1452 terra

247 1499 308 1526 ex
335 1481 401 1525 his
430 1481 568 1535 locis,
607 1479 637 1523 fi
661 1479 750 1523 alio
772 1480 984 1523 translata
1010 1478 1172 1534 fuerit,
1205 1479 1407 1523 similiter
1439 1479 1506 1522 ef-

245 1554 354 1599 ficit.
388 1553 441 1596 Id
477 1567 619 1614 genus
659 1562 804 1596 terrae
848 1552 987 1596 etiam
1036 1551 1296 1596 Balearibus
1334 1551 1505 1596 dicitur

247 1623 352 1678 effe3
387 1623 464 1667 sed
498 1622 630 1666 aliam
661 1623 992 1667 mirabiliorem
1021 1623 1244 1667 virtutem
1279 1640 1329 1667 ea
1363 1624 1503 1668 habet

243 1709 387 1752 terra,
423 1710 566 1754 quarn
602 1710 688 1756 ego
721 1694 779 1739 fic
817 1695 986 1754 accepi.
1030 1694 1081 1739 C.
1116 1694 1286 1749 Iulius,
1333 1695 1504 1740 Masin-

242 1770 350 1814 thae
379 1768 525 1822 filius,
575 1766 705 1812 cuius
747 1778 875 1811 erant
910 1766 1053 1811 totius
1085 1766 1252 1826 oppidi
1285 1783 1503 1828 agrorum

241 1839 560 1901 poffeffim·ie5‚
607 1856 715 1885 cum
761 1852 890 1899 patre
935 1838 1118 1883 Caesare
1163 1839 1390 1883 militavit.
1459 1840 1501 1884 Is

241 1912 444 1971 hospitio
485 1928 592 1956 meo
620 1912 680 1955 est
711 1912 839 1955 usus:
877 1912 936 1955 ita
967 1910 1244 1969 quotidiano
1281 1907 1499 1956 convitstu

240 1986 418 2031 neceffe
448 1986 597 2030 fuerat
629 1985 687 2030 de
717 1984 973 2047 philologia
1004 1984 1248 2042 disputare.
1305 1985 1497 2029 Interim

239 2074 348 2102 curn
386 2057 490 2102 esset
530 2058 650 2101 inter
684 2072 767 2101 nos
801 2057 859 2101 de
893 2073 1038 2115 aquae
1073 2056 1298 2115 potestate
1326 2056 1367 2101 Sc
1401 2057 1499 2101 eius

237 2131 490 2176 virtutibus
517 2129 689 2184 sermo,
729 2129 943 2189 exposuit
975 2129 1059 2173 effe
1091 2129 1136 2172 in
1162 2145 1213 2174 ea
1241 2141 1358 2174 terra
1382 2129 1497 2174 eius-

235 2203 370 2248 modi
409 2202 586 2257 fontes,
633 2214 687 2246 ut
721 2201 803 2260 qui
831 2201 897 2245 ibi
936 2212 1314 2261 procrearentur,
1359 2218 1496 2246 voces

234 2274 295 2318 ad
316 2274 602 2319 cantandum
637 2274 831 2336 egregias
850 2273 1090 2318 haberent.
1135 2274 1348 2332 Ideoque
1376 2273 1494 2318 sern-

233 2363 318 2406 per
338 2346 660 2390 transmarinos
681 2346 866 2390 catastos
889 2361 1043 2389 emere
1065 2344 1285 2390 formosos
1301 2345 1342 2390 Sc
1362 2346 1496 2404 puel-

233 2421 295 2463 las
316 2430 517 2462 maturas
536 2453 548 2473 ,
577 2434 750 2477 eosque
780 2419 1066 2481 coniungere
1087 2452 1100 2473 ‚
1127 2429 1203 2472 ut,
1235 2419 1317 2477 qui
1341 2418 1492 2462 nasce-

232 2502 392 2536 rentur
422 2508 479 2536 ex
514 2492 607 2547 his,
640 2507 737 2537 non
760 2491 912 2536 solum
945 2492 1120 2556 egregia
1152 2507 1294 2546 voce,
1334 2489 1410 2534 sed
1430 2503 1495 2535 et-
