1600 2902
252 227 336 275 DE
367 224 863 273 ARCHITECTURA
899 226 1009 272 LIB.
1047 225 1171 273 VIII.
1253 235 1347 289 243'

83 339 174 384 iarn
208 337 356 382 forma
379 335 521 381 effent
541 351 638 381 non
661 334 914 380 invenusta.
954 335 1076 380 Cum
1106 335 1218 379 haec
1243 345 1348 379 tan-

85 424 130 458 ta
167 413 353 456 varietas
391 411 443 454 sit
477 409 737 469 disparibus
777 409 914 453 rebus
941 420 1104 452 natura
1130 407 1350 451 distribu-

85 495 129 527 ta
145 517 165 538 ‚.
198 483 331 542 quod
366 483 630 528 humanum
656 496 823 540 corpus
855 481 915 525 est
947 497 1006 524 ex
1037 470 1192 539 aliqua
1217 489 1350 538 parte

83 568 349 610 terrenum,
398 556 446 600 in
479 572 534 599 eo
562 567 717 598 autem
750 555 898 598 multa
927 568 1093 615 genera
1119 552 1227 595 sunt
1262 551 1352 594 hu-

82 646 297 683 morum,
334 628 403 672 uti
436 627 696 690 sanguinis,
727 623 884 680 lactis,
923 625 1126 679 sudoris,
1162 623 1351 678 urinae,

83 698 389 744 lacrimarum.
462 699 580 760 Ergo
622 697 651 741 fi
681 697 728 740 in
758 713 897 756 parva
930 695 1152 756 particula
1182 692 1352 738 terreni

85 781 211 816 tanta
248 771 548 831 discrepantia
584 769 825 815 invenitur
866 769 1111 828 saporum,
1147 783 1247 812 non
1288 765 1352 810 est

86 846 385 901 mirandum,
427 845 458 889 fi
494 846 540 889 in
571 854 697 888 tanta
738 842 1065 903 magnitudine
1103 853 1247 885 terrae
1279 841 1354 884 in-

87 919 395 962 numerabiles
443 916 688 961 succorum
739 915 1027 974 reperiantur
1074 913 1353 967 varietates,

86 1008 169 1052 per
203 1006 405 1051 quarum
445 1007 582 1034 venas
617 1005 764 1050 aquae
799 989 865 1033 vis
899 1002 1171 1047 percurrens
1208 981 1352 1029 tincta

87 1065 305 1125 pervenit
326 1064 386 1109 ad
420 1063 626 1109 fontium
660 1061 880 1126 egressus,
918 1061 959 1106 8c
992 1062 1053 1106 ita
1085 1078 1145 1105 ex
1172 1076 1228 1104 eo
1261 1058 1354 1103 dis-

85 1152 214 1195 pares
256 1136 464 1195 variique
513 1134 820 1195 perficiuntur
857 1135 904 1177 in
937 1133 1135 1192 propriis
1172 1131 1353 1194 generi·-

87 1206 176 1250 bus
217 1206 369 1250 fontes
401 1219 594 1266 propter
627 1208 841 1252 locorum
888 1205 1271 1265 discrepantiam,
1309 1203 1351 1249 Sc

89 1278 337 1341 regionum
393 1280 638 1339 qualitates
661 1313 675 1334 ‚
744 1290 1068 1338 terrarumque
1119 1279 1353 1323 dissimiles

88 1353 406 1412 proprietates.
446 1353 513 1397 Ex
549 1354 616 1397 his
650 1364 808 1397 autern
844 1352 981 1396 rebus
1004 1353 1110 1396 sunt
1140 1354 1353 1397 nonnul-

89 1426 162 1479 la,
204 1440 323 1483 quae
357 1441 442 1487 ego
470 1442 553 1484 per
575 1441 652 1469 me
684 1424 924 1486 perspexi;
962 1436 1112 1470 cetera
1149 1425 1196 1468 in
1229 1424 1354 1468 libris

94 1496 275 1539 Graecis
310 1495 472 1555 scripta
506 1497 698 1551 inveni,
748 1512 953 1555 quorum
988 1497 1268 1556 scriptorum
1303 1495 1354 1538 hi

91 1567 198 1610 sunt
231 1563 468 1622 suffitores,
523 1567 896 1626 Theophrastus,
941 1568 1191 1622 Timaeus,
1230 1567 1354 1612 Posi-

93 1640 289 1695 donius,
336 1641 579 1703 HegefiaS‚
627 1642 925 1698 Herodotus,
966 1643 1211 1700 Aristides,
1250 1646 1354 1689 Me-

92 1714 336 1770 trodorus,
382 1714 464 1773 qui
506 1732 672 1778 magna
704 1717 936 1779 vigilantia
968 1718 1008 1762 Sc
1038 1719 1224 1765 infinito
1261 1722 1355 1765 stu-

94 1786 174 1831 dio
217 1788 432 1831 locorum
480 1789 806 1847 proprietates9
861 1807 1088 1850 aquarum
1127 1792 1355 1848 virtutes,

92 1859 150 1904 ab
185 1859 485 1904 inclinatione
520 1861 673 1916 coeli,
722 1863 970 1925 regionum
1012 1867 1254 1923 qualitates
1291 1867 1353 1909 ita

96 1930 354 1976 distributas
394 1931 477 1975 ess'c
514 1932 686 1994 scriptis
722 1935 1096 1981 declaraverunt:
1141 1954 1355 1996 quorum

94 2003 274 2048 secutus
306 2004 552 2066 ingressu-s,
595 2007 642 2050 in
683 2009 771 2053 hoc
812 2010 931 2053 libro
966 2011 1198 2071 perscripsi
1233 2028 1354 2071 quae

96 2076 196 2120 satis
229 2076 313 2119 esse
334 2079 493 2135 putavi
526 2079 584 2123 de
620 2097 766 2140 aquae
801 2085 1125 2137 varietatibus;
1157 2102 1255 2143 quo
1291 2085 1357 2130 fa-

99 2147 228 2192 cilius
267 2163 324 2191 ex
369 2148 436 2193 his
474 2150 882 2211 perscriptionibus
928 2156 1098 2212 eligant
1141 2157 1357 2201 hoifflnes

97 2235 246 2278 aquae
279 2219 456 2275 fontes,
492 2223 664 2281 quibus
687 2225 746 2269 ad
785 2226 917 2270 usum
942 2227 1146 2271 salientes
1183 2229 1355 2287 pollint

99 2291 157 2336 ad
179 2291 380 2336 civitates
401 2295 751 2356 municipiaque
768 2299 1036 2358 perducere.
1069 2301 1206 2344 Nulla
1228 2303 1356 2346 enim

100 2379 159 2408 ex
204 2364 424 2409 omnibus
468 2368 603 2413 rebus
648 2381 794 2414 tantas
844 2373 1033 2415 videtur
1082 2374 1251 2417 habere
1299 2375 1358 2420 ad

100 2435 234 2480 usum
256 2437 532 2482 necellitates
550 2473 562 2494 ,
588 2454 782 2498 quantas
801 2460 933 2502 aqua.
956 2444 1068 2488 Ideo
1094 2447 1228 2503 quod
1254 2465 1359 2491 om-

100 2508 234 2554 nium
258 2510 529 2556 animalium
553 2524 713 2561 natura
735 2550 748 2573 ,
786 2516 816 2561 fi
849 2517 1070 2562 frumenti
1096 2516 1248 2564 lrudlu
1266 2521 1358 2581 pri-

996 2584 1108 2651 ρ).
