1600 2902
301 172 386 220 DE
420 165 913 217 ARCHITECTURA
946 167 1054 214 ΠΒ.
1087 165 1152 214 X.
1265 180 1357 228 297

97 283 176 330 sed
201 296 298 326 non
319 289 505 340 poterat
534 277 593 322 ad
615 277 786 321 lineam
823 276 895 320 via
916 270 1038 320 reeta
1056 272 1226 318 ducere
1242 304 1256 326 ,
1277 270 1359 317 sed

97 357 252 404 exibat
276 354 324 398 in
356 369 497 398 unam
527 353 599 396 vei
628 352 818 395 alteram
845 358 1037 408 partem.
1074 347 1142 391 Ita
1175 343 1353 390 necess‘e

95 445 189 478 erat
213 430 365 476 rursus
394 428 705 474 retroducere.
759 424 832 470 Sic
866 423 1094 469 Paeonius
1124 419 1350 467 ducendo

94 507 135 553 8c
158 505 431 552 reducendo
451 503 701 565 pecuniam
730 500 978 557 contrivit,
1014 510 1068 544 ut
1091 497 1151 543 ad
1170 498 1348 544 solven-

94 582 213 627 dum
250 597 348 626 non
379 578 500 624 esset.

432 678 768 726 CAPUT
835 677 1006 724 VII.

123 769 196 816 De
228 769 463 815 invencione
496 767 774 830 lapicidinae.
810 783 892 827 qua
924 764 1123 827 templum
1145 762 1326 810 Dianae

414 840 614 904 Ephaessae
650 840 929 901 construam
959 838 1024 899 est.

154 929 378 974 Pusillum
412 939 541 973 extra
570 928 859 991 progrediar,
894 927 936 973 8c
966 926 1026 971 de
1051 926 1120 970 his
1147 925 1358 986 lapicidi-

88 1007 187 1061 nis,
233 1003 644 1064 quemadmodum
677 1003 766 1049 smt
807 1003 1057 1057 inventae,
1097 1017 1352 1061 exponam.

87 1080 342 1125 Pixodarus
369 1079 517 1124 fuerat
550 1079 715 1140 pastor.
751 1079 791 1123 Is
821 1079 869 1123 in
900 1078 969 1123 his
995 1077 1107 1123 locis
1136 1076 1351 1122 versaba-

86 1168 176 1201 tur.
231 1156 353 1200 Cum
388 1167 546 1200 autem
595 1155 714 1200 cives
751 1153 1055 1214 Ephefiorum
1093 1153 1355 1216 cogitarent

87 1228 252 1274 fanum
287 1229 462 1273 Dianae
490 1244 549 1272 ex
575 1243 806 1272 marmore
831 1225 998 1282 facere,
1030 1226 1357 1271 decernerent-

88 1321 183 1365 que
207 1321 233 1349 a
262 1304 377 1350 Paro
396 1339 408 1360 ,
433 1302 731 1348 Proconneso
749 1337 763 1359 ,
803 1303 1046 1358 Heraclea,
1073 1302 1256 1359 Thaso,
1281 1302 1354 1348 uti

86 1397 348 1433 marmore3
384 1397 464 1440 per
497 1380 547 1423 id
588 1390 775 1439 ternpus
803 1378 1033 1439 propulsis
1069 1377 1237 1423 ovibus
1278 1377 1354 1422 Pi-

85 1456 287 1501 xodarus
314 1456 362 1500 in
402 1455 575 1500 eodem
607 1455 714 1497 loco
748 1467 891 1512 pecus
919 1450 1158 1511 pascebat,
1185 1451 1352 1511 ibique

86 1531 185 1578 duo
221 1533 381 1577 arietes
428 1530 548 1574 inter
586 1528 630 1573 se
673 1539 1002 1573 concurrentes
1046 1527 1161 1573 alius
1201 1527 1349 1573 alium

81 1607 446 1669 praeterierunt,
496 1605 537 1648 ὃς
576 1604 762 1663 impetu
808 1598 928 1647 fasso
969 1617 1090 1648 unus
1127 1602 1350 1648 cornibus

81 1684 296 1745 percussit
329 1683 518 1736 saxum,
553 1695 611 1724 ex
643 1696 743 1738 quo
775 1678 999 1734 crustam,
1035 1695 1157 1737 quae
1189 1677 1352 1723 candi-

83 1760 264 1804 dissirno
299 1773 531 1802 marmore
560 1755 734 1809 fuerat,
767 1754 947 1798 deiecit.
992 1754 1059 1797 Ita
1090 1754 1349 1799 Pixodarus

83 1834 254 1879 dicitur
291 1850 398 1878 oves
434 1833 482 1876 in
517 1831 761 1875 montibus
788 1831 1015 1890 reliquisse
1036 1866 1049 1887 ,
1080 1831 1121 1877 Sc
1148 1831 1347 1876 crustam

82 1909 247 1953 cursim
281 1908 540 1967 Ephesum,
578 1922 688 1950 cum
713 1907 916 1951 maxime
945 1906 1005 1951 de
1038 1923 1089 1951 ea
1121 1923 1169 1950 re
1196 1922 1349 1969 agere-

82 1993 159 2026 tur
176 2017 189 2038 ,
210 1981 433 2027 detulisse.
470 1983 538 2025 lta
554 1980 700 2025 statim
723 1983 921 2026 honores
942 1983 979 2026 ei
1004 1981 1344 2038 decreverunt,

82 2056 124 2102 Sc
145 2074 321 2102 nomen
350 2069 679 2113 mutaverunt,
717 2071 769 2103 ut
795 2075 882 2118 pro
917 2058 1172 2114 Pixodaro,
1200 2059 1344 2104 Evan-

82 2133 209 2193 geius
253 2131 601 2176 nominaretur:
658 2132 900 2192 hodieque
942 2146 1063 2192 quot
1106 2133 1341 2178 mensibus

81 2206 366 2267 magistratus
401 2207 446 2251 in
474 2223 583 2252 eum
604 2209 761 2253 locum
781 2208 1109 2268 proficiscitur,
1140 2210 1180 2254 Sc
1204 2207 1245 2252 ei
1277 2207 1340 2252 sa·

81 2283 309 2328 crificium
334 2281 467 2338 facit,
489 2283 528 2328 ὃς
545 2284 575 2327 fi
605 2299 704 2329 non
728 2284 914 2341 fecerit,
951 2300 1105 2344 poem
1135 2295 1336 2331 tenetur.
