<?xml version="1.0" encoding="UTF-8"?>
<!DOCTYPE html PUBLIC "-//W3C//DTD XHTML 1.0 Transitional//EN"
    "http://www.w3.org/TR/xhtml1/DTD/xhtml1-transitional.dtd">
<html xmlns="http://www.w3.org/1999/xhtml" xml:lang="en" lang="en">
 <head>
  <title>
</title>
<meta http-equiv="Content-Type" content="text/html;charset=utf-8" />
  <meta name='ocr-system' content='tesseract 3.04.00' />
  <meta name='ocr-capabilities' content='ocr_page ocr_carea ocr_par ocr_line ocrx_word'/>
</head>
<body>
  <div class='ocr_page' id='page_1' title='image "./mvitruviipollion00vitr/mvitruviipollion00vitr_0244.png"; bbox 0 0 1600 2902; ppageno 0'>
   <div class='ocr_carea' id='block_1_1' title="bbox 245 175 1246 241">
    <p class='ocr_par' dir='ltr' id='par_1_1' title="bbox 245 175 1246 241">
     <span class='ocr_line' id='line_1_1' title="bbox 245 175 1246 241; baseline -0.004 -13"><span class='ocrx_word' id='word_1_1' title='bbox 245 182 330 241; x_wconf 82' lang='lat'><strong>178</strong></span> <span class='ocrx_word' id='word_1_2' title='bbox 487 178 555 227; x_wconf 92' lang='lat' dir='ltr'><strong>M.</strong></span> <span class='ocrx_word' id='word_1_3' title='bbox 587 175 878 224; x_wconf 84' lang='lat' dir='ltr'>VITRUVII</span> <span class='ocrx_word' id='word_1_4' title='bbox 912 177 1246 226; x_wconf 85' lang='lat' dir='ltr'>POLLIONIS</span> 
     </span>
    </p>
   </div>
   <div class='ocr_carea' id='block_1_2' title="bbox 235 282 1499 2167">
    <p class='ocr_par' dir='ltr' id='par_1_2' title="bbox 235 282 1499 2167">
     <span class='ocr_line' id='line_1_2' title="bbox 240 282 1493 345; baseline -0.002 -12"><span class='ocrx_word' id='word_1_5' title='bbox 240 290 330 334; x_wconf 78' lang='lat' dir='ltr'><strong>tiae</strong></span> <span class='ocrx_word' id='word_1_6' title='bbox 379 286 595 331; x_wconf 75' lang='lat' dir='ltr'><strong>decorem</strong></span> <span class='ocrx_word' id='word_1_7' title='bbox 635 283 825 345; x_wconf 81' lang='lat' dir='ltr'>possunt</span> <span class='ocrx_word' id='word_1_8' title='bbox 859 282 945 328; x_wconf 79' lang='lat' dir='ltr'><strong>effe</strong></span> <span class='ocrx_word' id='word_1_9' title='bbox 971 317 984 340; x_wconf 85' lang='lat'>,</span> <span class='ocrx_word' id='word_1_10' title='bbox 1023 285 1084 330; x_wconf 83' lang='lat' dir='ltr'><strong>ita</strong></span> <span class='ocrx_word' id='word_1_11' title='bbox 1124 285 1229 331; x_wconf 86' lang='lat' dir='ltr'><strong>sunt</strong></span> <span class='ocrx_word' id='word_1_12' title='bbox 1271 284 1493 331; x_wconf 79' lang='lat' dir='ltr'><strong>facienda.</strong></span> 
     </span>
     <span class='ocr_line' id='line_1_3' title="bbox 239 357 1495 417; baseline -0.002 -11"><span class='ocrx_word' id='word_1_13' title='bbox 239 364 359 407; x_wconf 83' lang='lat' dir='ltr'><strong>Item</strong></span> <span class='ocrx_word' id='word_1_14' title='bbox 397 360 763 405; x_wconf 80' lang='lat' dir='ltr'><strong>foeneratoribus</strong></span> <span class='ocrx_word' id='word_1_15' title='bbox 803 357 845 403; x_wconf 81' lang='lat' dir='ltr'><strong>8c</strong></span> <span class='ocrx_word' id='word_1_16' title='bbox 881 358 1142 417; x_wconf 72' lang='lat' dir='ltr'>publicanis</span> <span class='ocrx_word' id='word_1_17' title='bbox 1172 360 1495 406; x_wconf 74' lang='lat' dir='ltr'>commodiora</span> 
     </span>
     <span class='ocr_line' id='line_1_4' title="bbox 242 428 1492 493; baseline -0.003 -15"><span class='ocrx_word' id='word_1_18' title='bbox 242 435 283 480; x_wconf 75' lang='lat' dir='ltr'><strong>8c</strong></span> <span class='ocrx_word' id='word_1_19' title='bbox 310 433 575 493; x_wconf 84' lang='lat' dir='ltr'><strong>speciosiora</strong></span> <span class='ocrx_word' id='word_1_20' title='bbox 593 466 606 486; x_wconf 83' lang='lat'>,</span> <span class='ocrx_word' id='word_1_21' title='bbox 625 430 665 476; x_wconf 72' lang='lat' dir='ltr'><strong>Sc</strong></span> <span class='ocrx_word' id='word_1_22' title='bbox 692 431 750 474; x_wconf 87' lang='lat' dir='ltr'><strong>ab</strong></span> <span class='ocrx_word' id='word_1_23' title='bbox 779 429 947 474; x_wconf 83' lang='lat' dir='ltr'><strong>infidiis</strong></span> <span class='ocrx_word' id='word_1_24' title='bbox 973 440 1100 473; x_wconf 82' lang='lat' dir='ltr'><strong>tuta:</strong></span> <span class='ocrx_word' id='word_1_25' title='bbox 1140 428 1394 475; x_wconf 80' lang='lat' dir='ltr'><strong>forenslbus</strong></span> <span class='ocrx_word' id='word_1_26' title='bbox 1411 447 1492 475; x_wconf 82' lang='lat' dir='ltr'><strong>au-</strong></span> 
     </span>
     <span class='ocr_line' id='line_1_5' title="bbox 238 501 1494 566; baseline -0.003 -15"><span class='ocrx_word' id='word_1_27' title='bbox 238 519 337 551; x_wconf 80' lang='lat' dir='ltr'><strong>tem</strong></span> <span class='ocrx_word' id='word_1_28' title='bbox 359 506 406 552; x_wconf 74' lang='lat' dir='ltr'><strong>-Sc</strong></span> <span class='ocrx_word' id='word_1_29' title='bbox 436 505 632 559; x_wconf 80' lang='lat' dir='ltr'><strong>disertis,</strong></span> <span class='ocrx_word' id='word_1_30' title='bbox 665 504 944 566; x_wconf 79' lang='lat' dir='ltr'><strong>elegantiora</strong></span> <span class='ocrx_word' id='word_1_31' title='bbox 964 502 1004 548; x_wconf 60' lang='lat'><strong>8(</strong></span> <span class='ocrx_word' id='word_1_32' title='bbox 1023 501 1281 562; x_wconf 66' lang='lat' dir='ltr'><strong>spatiofioia</strong></span> <span class='ocrx_word' id='word_1_33' title='bbox 1298 504 1357 548; x_wconf 82' lang='lat' dir='ltr'><strong>ad</strong></span> <span class='ocrx_word' id='word_1_34' title='bbox 1377 519 1494 549; x_wconf 84' lang='lat' dir='ltr'><strong>con-</strong></span> 
     </span>
     <span class='ocr_line' id='line_1_6' title="bbox 237 574 1499 637; baseline -0.005 -12"><span class='ocrx_word' id='word_1_35' title='bbox 237 590 406 624; x_wconf 83' lang='lat' dir='ltr'><strong>ventus</strong></span> <span class='ocrx_word' id='word_1_36' title='bbox 435 576 767 637; x_wconf 74' lang='lat' dir='ltr'><strong>excipiendos:</strong></span> <span class='ocrx_word' id='word_1_37' title='bbox 813 574 1051 620; x_wconf 85' lang='lat' dir='ltr'><strong>nobilibus</strong></span> <span class='ocrx_word' id='word_1_38' title='bbox 1076 591 1213 630; x_wconf 83' lang='lat' dir='ltr'><strong>vero,</strong></span> <span class='ocrx_word' id='word_1_39' title='bbox 1243 576 1325 634; x_wconf 85' lang='lat' dir='ltr'><strong>qui</strong></span> <span class='ocrx_word' id='word_1_40' title='bbox 1349 577 1499 620; x_wconf 88' lang='lat' dir='ltr'><strong>hono·</strong></span> 
     </span>
     <span class='ocr_line' id='line_1_7' title="bbox 237 646 1493 712; baseline -0.003 -16"><span class='ocrx_word' id='word_1_41' title='bbox 237 668 306 697; x_wconf 78' lang='lat' dir='ltr'><strong>res</strong></span> <span class='ocrx_word' id='word_1_42' title='bbox 332 650 711 712; x_wconf 74' lang='lat' dir='ltr'><strong>magistratusque</strong></span> <span class='ocrx_word' id='word_1_43' title='bbox 738 646 945 709; x_wconf 82' lang='lat' dir='ltr'><strong>gerendo</strong></span> <span class='ocrx_word' id='word_1_44' title='bbox 978 647 1198 705; x_wconf 82' lang='lat' dir='ltr'><strong>praestare</strong></span> <span class='ocrx_word' id='word_1_45' title='bbox 1229 646 1405 692; x_wconf 86' lang='lat' dir='ltr'><strong>debent</strong></span> <span class='ocrx_word' id='word_1_46' title='bbox 1424 646 1493 692; x_wconf 86' lang='lat' dir='ltr'><strong>of-</strong></span> 
     </span>
     <span class='ocr_line' id='line_1_8' title="bbox 239 718 1494 782; baseline -0.003 -14"><span class='ocrx_word' id='word_1_47' title='bbox 239 723 343 769; x_wconf 81' lang='lat' dir='ltr'><strong>ficia</strong></span> <span class='ocrx_word' id='word_1_48' title='bbox 368 722 573 776; x_wconf 79' lang='lat' dir='ltr'><strong>civibus,</strong></span> <span class='ocrx_word' id='word_1_49' title='bbox 604 719 811 764; x_wconf 83' lang='lat' dir='ltr'><strong>facienda</strong></span> <span class='ocrx_word' id='word_1_50' title='bbox 835 720 940 764; x_wconf 80' lang='lat' dir='ltr'><strong>sunt</strong></span> <span class='ocrx_word' id='word_1_51' title='bbox 970 718 1193 763; x_wconf 84' lang='lat' dir='ltr'><strong>vestibula</strong></span> <span class='ocrx_word' id='word_1_52' title='bbox 1219 721 1402 782; x_wconf 74' lang='lat' dir='ltr'><strong>regalia,</strong></span> <span class='ocrx_word' id='word_1_53' title='bbox 1429 721 1494 764; x_wconf 80' lang='lat' dir='ltr'><strong>al-</strong></span> 
     </span>
     <span class='ocr_line' id='line_1_9' title="bbox 238 790 1493 854; baseline -0.005 -13"><span class='ocrx_word' id='word_1_54' title='bbox 238 808 284 841; x_wconf 79' lang='lat' dir='ltr'><strong>ta</strong></span> <span class='ocrx_word' id='word_1_55' title='bbox 313 795 452 851; x_wconf 70' lang='lat' dir='ltr'><strong>atria,</strong></span> <span class='ocrx_word' id='word_1_56' title='bbox 484 792 767 854; x_wconf 74' lang='lat' dir='ltr'><strong>&amp;peristylia</strong></span> <span class='ocrx_word' id='word_1_57' title='bbox 797 791 1092 852; x_wconf 70' lang='lat' dir='ltr'><strong>amplissima,</strong></span> <span class='ocrx_word' id='word_1_58' title='bbox 1124 790 1257 836; x_wconf 80' lang='lat' dir='ltr'><strong>filvae</strong></span> <span class='ocrx_word' id='word_1_59' title='bbox 1277 825 1290 846; x_wconf 84' lang='lat'>‚</span> <span class='ocrx_word' id='word_1_60' title='bbox 1324 791 1493 836; x_wconf 85' lang='lat' dir='ltr'><strong>ambu-</strong></span> 
     </span>
     <span class='ocr_line' id='line_1_10' title="bbox 236 865 1492 927; baseline -0.006 -11"><span class='ocrx_word' id='word_1_61' title='bbox 236 871 528 927; x_wconf 82' lang='lat' dir='ltr'><strong>lationesque</strong></span> <span class='ocrx_word' id='word_1_62' title='bbox 559 866 776 921; x_wconf 74' lang='lat' dir='ltr'>laxiores,</span> <span class='ocrx_word' id='word_1_63' title='bbox 805 866 863 910; x_wconf 87' lang='lat' dir='ltr'><strong>ad</strong></span> <span class='ocrx_word' id='word_1_64' title='bbox 894 865 1112 910; x_wconf 85' lang='lat' dir='ltr'><strong>decorem</strong></span> <span class='ocrx_word' id='word_1_65' title='bbox 1133 865 1369 910; x_wconf 83' lang='lat' dir='ltr'><strong>maiestatis</strong></span> <span class='ocrx_word' id='word_1_66' title='bbox 1389 881 1492 925; x_wconf 81' lang='lat' dir='ltr'><strong>per-</strong></span> 
     </span>
     <span class='ocr_line' id='line_1_11' title="bbox 235 938 1489 998; baseline -0.007 -9"><span class='ocrx_word' id='word_1_67' title='bbox 235 941 395 989; x_wconf 59' lang='lat' dir='ltr'><strong>feffle.</strong></span> <span class='ocrx_word' id='word_1_68' title='bbox 437 941 673 985; x_wconf 83' lang='lat' dir='ltr'><strong>Praeterea</strong></span> <span class='ocrx_word' id='word_1_69' title='bbox 692 938 997 984; x_wconf 80' lang='lat' dir='ltr'><strong>bibliothecas</strong></span> <span class='ocrx_word' id='word_1_70' title='bbox 1017 972 1028 993; x_wconf 89' lang='lat'>,</span> <span class='ocrx_word' id='word_1_71' title='bbox 1044 939 1388 998; x_wconf 77' lang='lat' dir='ltr'><strong>pinacotheca5‚</strong></span> <span class='ocrx_word' id='word_1_72' title='bbox 1408 938 1489 981; x_wconf 84' lang='lat' dir='ltr'><strong>ba-</strong></span> 
     </span>
     <span class='ocr_line' id='line_1_12' title="bbox 237 1009 1490 1070; baseline -0.005 -10"><span class='ocrx_word' id='word_1_73' title='bbox 237 1015 407 1068; x_wconf 76' lang='lat' dir='ltr'><strong>silicas,</strong></span> <span class='ocrx_word' id='word_1_74' title='bbox 446 1028 544 1056; x_wconf 89' lang='lat' dir='ltr'><strong>non</strong></span> <span class='ocrx_word' id='word_1_75' title='bbox 591 1010 786 1054; x_wconf 77' lang='lat' dir='ltr'><strong>dissimili</strong></span> <span class='ocrx_word' id='word_1_76' title='bbox 822 1009 967 1055; x_wconf 85' lang='lat' dir='ltr'><strong>modo</strong></span> <span class='ocrx_word' id='word_1_77' title='bbox 1005 1026 1149 1068; x_wconf 85' lang='lat' dir='ltr'><strong>quam</strong></span> <span class='ocrx_word' id='word_1_78' title='bbox 1187 1009 1490 1070; x_wconf 84' lang='lat' dir='ltr'><strong>publicorum</strong></span> 
     </span>
     <span class='ocr_line' id='line_1_13' title="bbox 239 1083 1495 1147; baseline -0.004 -15"><span class='ocrx_word' id='word_1_79' title='bbox 239 1102 438 1147; x_wconf 76' lang='lat' dir='ltr'><strong>operum</strong></span> <span class='ocrx_word' id='word_1_80' title='bbox 468 1083 807 1145; x_wconf 73' lang='lat' dir='ltr'><strong>magnificentia</strong></span> <span class='ocrx_word' id='word_1_81' title='bbox 833 1093 1120 1142; x_wconf 80' lang='lat' dir='ltr'><strong>comparatas</strong></span> <span class='ocrx_word' id='word_1_82' title='bbox 1142 1117 1154 1137; x_wconf 86' lang='lat'>,</span> <span class='ocrx_word' id='word_1_83' title='bbox 1182 1083 1315 1141; x_wconf 87' lang='lat' dir='ltr'><strong>quod</strong></span> <span class='ocrx_word' id='word_1_84' title='bbox 1336 1083 1384 1127; x_wconf 84' lang='lat' dir='ltr'><strong>in</strong></span> <span class='ocrx_word' id='word_1_85' title='bbox 1408 1083 1495 1127; x_wconf 86' lang='lat' dir='ltr'><strong>do-</strong></span> 
     </span>
     <span class='ocr_line' id='line_1_14' title="bbox 239 1155 1493 1215; baseline -0.005 -10"><span class='ocrx_word' id='word_1_86' title='bbox 239 1161 397 1206; x_wconf 82' lang='lat' dir='ltr'><strong>mibus</strong></span> <span class='ocrx_word' id='word_1_87' title='bbox 424 1173 588 1201; x_wconf 85' lang='lat' dir='ltr'><strong>eorum</strong></span> <span class='ocrx_word' id='word_1_88' title='bbox 612 1156 785 1214; x_wconf 78' lang='lat' dir='ltr'><strong>sae-pius</strong></span> <span class='ocrx_word' id='word_1_89' title='bbox 813 1158 852 1200; x_wconf 68' lang='lat' dir='ltr'><strong>gc</strong></span> <span class='ocrx_word' id='word_1_90' title='bbox 882 1155 1072 1215; x_wconf 83' lang='lat' dir='ltr'><strong>publica</strong></span> <span class='ocrx_word' id='word_1_91' title='bbox 1099 1155 1310 1211; x_wconf 82' lang='lat' dir='ltr'><strong>consilia,</strong></span> <span class='ocrx_word' id='word_1_92' title='bbox 1332 1157 1372 1201; x_wconf 81' lang='lat' dir='ltr'><strong>8c</strong></span> <span class='ocrx_word' id='word_1_93' title='bbox 1395 1156 1493 1215; x_wconf 82' lang='lat' dir='ltr'><strong>pri-</strong></span> 
     </span>
     <span class='ocr_line' id='line_1_15' title="bbox 237 1227 1491 1291; baseline -0.003 -14"><span class='ocrx_word' id='word_1_94' title='bbox 237 1245 344 1277; x_wconf 80' lang='lat' dir='ltr'><strong>vata</strong></span> <span class='ocrx_word' id='word_1_95' title='bbox 370 1229 569 1283; x_wconf 78' lang='lat' dir='ltr'><strong>iudicia,</strong></span> <span class='ocrx_word' id='word_1_96' title='bbox 604 1227 884 1287; x_wconf 73' lang='lat' dir='ltr'><strong>arbitriaque</strong></span> <span class='ocrx_word' id='word_1_97' title='bbox 920 1228 1246 1273; x_wconf 77' lang='lat' dir='ltr'><strong>conficiuntur.</strong></span> <span class='ocrx_word' id='word_1_98' title='bbox 1303 1230 1421 1291; x_wconf 72' lang='lat' dir='ltr'><strong>Ergo</strong></span> <span class='ocrx_word' id='word_1_99' title='bbox 1460 1229 1491 1273; x_wconf 84' lang='lat' dir='ltr'><strong>fi</strong></span> 
     </span>
     <span class='ocr_line' id='line_1_16' title="bbox 239 1300 1492 1362; baseline -0.004 -13"><span class='ocrx_word' id='word_1_100' title='bbox 239 1305 309 1350; x_wconf 81' lang='lat' dir='ltr'><strong>his</strong></span> <span class='ocrx_word' id='word_1_101' title='bbox 325 1302 583 1348; x_wconf 76' lang='lat' dir='ltr'><strong>rationibus</strong></span> <span class='ocrx_word' id='word_1_102' title='bbox 612 1300 669 1344; x_wconf 84' lang='lat' dir='ltr'><strong>ad</strong></span> <span class='ocrx_word' id='word_1_103' title='bbox 698 1301 981 1362; x_wconf 77' lang='lat' dir='ltr'><strong>singulorum</strong></span> <span class='ocrx_word' id='word_1_104' title='bbox 1009 1317 1230 1362; x_wconf 80' lang='lat' dir='ltr'><strong>generum</strong></span> <span class='ocrx_word' id='word_1_105' title='bbox 1258 1300 1492 1361; x_wconf 76' lang='lat' dir='ltr'><strong>personas,</strong></span> 
     </span>
     <span class='ocr_line' id='line_1_17' title="bbox 235 1372 1491 1432; baseline -0.004 -10"><span class='ocrx_word' id='word_1_106' title='bbox 235 1378 307 1423; x_wconf 77' lang='lat' dir='ltr'><strong>uti</strong></span> <span class='ocrx_word' id='word_1_107' title='bbox 338 1377 385 1420; x_wconf 84' lang='lat' dir='ltr'><strong>in</strong></span> <span class='ocrx_word' id='word_1_108' title='bbox 420 1375 538 1419; x_wconf 82' lang='lat' dir='ltr'><strong>libio</strong></span> <span class='ocrx_word' id='word_1_109' title='bbox 573 1373 724 1432; x_wconf 66' lang='lat' dir='ltr'><strong>primo</strong></span> <span class='ocrx_word' id='word_1_110' title='bbox 768 1372 825 1416; x_wconf 88' lang='lat' dir='ltr'><strong>de</strong></span> <span class='ocrx_word' id='word_1_111' title='bbox 859 1372 1024 1416; x_wconf 87' lang='lat' dir='ltr'><strong>decore</strong></span> <span class='ocrx_word' id='word_1_112' title='bbox 1052 1373 1116 1417; x_wconf 84' lang='lat' dir='ltr'><strong>est</strong></span> <span class='ocrx_word' id='word_1_113' title='bbox 1146 1372 1366 1432; x_wconf 82' lang='lat' dir='ltr'><strong>scriptum</strong></span> <span class='ocrx_word' id='word_1_114' title='bbox 1387 1407 1398 1428; x_wconf 79' lang='lat'><strong><em>‚</em></strong></span> <span class='ocrx_word' id='word_1_115' title='bbox 1430 1373 1491 1417; x_wconf 83' lang='lat' dir='ltr'><strong>ita</strong></span> 
     </span>
     <span class='ocr_line' id='line_1_18' title="bbox 236 1445 1492 1510; baseline -0.005 -15"><span class='ocrx_word' id='word_1_116' title='bbox 236 1449 454 1510; x_wconf 79' lang='lat' dir='ltr'><strong>dispo-fita</strong></span> <span class='ocrx_word' id='word_1_117' title='bbox 484 1457 622 1491; x_wconf 79' lang='lat' dir='ltr'><strong>erunt</strong></span> <span class='ocrx_word' id='word_1_118' title='bbox 656 1445 890 1500; x_wconf 80' lang='lat' dir='ltr'><strong>aedificia,</strong></span> <span class='ocrx_word' id='word_1_119' title='bbox 936 1462 1032 1489; x_wconf 86' lang='lat' dir='ltr'><strong>non</strong></span> <span class='ocrx_word' id='word_1_120' title='bbox 1063 1445 1149 1490; x_wconf 80' lang='lat' dir='ltr'><strong>erit</strong></span> <span class='ocrx_word' id='word_1_121' title='bbox 1180 1446 1312 1504; x_wconf 88' lang='lat' dir='ltr'><strong>quod</strong></span> <span class='ocrx_word' id='word_1_122' title='bbox 1342 1462 1492 1504; x_wconf 75' lang='lat' dir='ltr'><strong>repre·</strong></span> 
     </span>
     <span class='ocr_line' id='line_1_19' title="bbox 236 1517 1491 1568; baseline -0.006 -1"><span class='ocrx_word' id='word_1_123' title='bbox 236 1522 482 1568; x_wconf 83' lang='lat' dir='ltr'><strong>hendatur.</strong></span> <span class='ocrx_word' id='word_1_124' title='bbox 520 1517 781 1563; x_wconf 75' lang='lat' dir='ltr'><strong>Habebunt</strong></span> <span class='ocrx_word' id='word_1_125' title='bbox 809 1517 943 1560; x_wconf 82' lang='lat' dir='ltr'><strong>enim.</strong></span> <span class='ocrx_word' id='word_1_126' title='bbox 968 1517 1026 1560; x_wconf 85' lang='lat' dir='ltr'><strong>ad</strong></span> <span class='ocrx_word' id='word_1_127' title='bbox 1057 1532 1220 1560; x_wconf 84' lang='lat' dir='ltr'><strong>omnes</strong></span> <span class='ocrx_word' id='word_1_128' title='bbox 1255 1533 1323 1561; x_wconf 84' lang='lat' dir='ltr'><strong>res</strong></span> <span class='ocrx_word' id='word_1_129' title='bbox 1363 1533 1491 1561; x_wconf 85' lang='lat' dir='ltr'><strong>com-</strong></span> 
     </span>
     <span class='ocr_line' id='line_1_20' title="bbox 240 1589 1491 1649; baseline -0.004 -11"><span class='ocrx_word' id='word_1_130' title='bbox 240 1593 403 1639; x_wconf 78' lang='lat' dir='ltr'><strong>modas</strong></span> <span class='ocrx_word' id='word_1_131' title='bbox 438 1590 478 1635; x_wconf 75' lang='lat' dir='ltr'><strong>Sc</strong></span> <span class='ocrx_word' id='word_1_132' title='bbox 507 1589 773 1635; x_wconf 86' lang='lat' dir='ltr'><strong>emendatas</strong></span> <span class='ocrx_word' id='word_1_133' title='bbox 808 1589 1150 1649; x_wconf 77' lang='lat' dir='ltr'><strong>explicationes.</strong></span> <span class='ocrx_word' id='word_1_134' title='bbox 1208 1589 1377 1632; x_wconf 84' lang='lat' dir='ltr'><strong>Earum</strong></span> <span class='ocrx_word' id='word_1_135' title='bbox 1408 1605 1491 1633; x_wconf 85' lang='lat' dir='ltr'><strong>au-</strong></span> 
     </span>
     <span class='ocr_line' id='line_1_21' title="bbox 238 1660 1491 1711; baseline -0.005 0"><span class='ocrx_word' id='word_1_136' title='bbox 238 1678 337 1711; x_wconf 86' lang='lat' dir='ltr'><strong>tem</strong></span> <span class='ocrx_word' id='word_1_137' title='bbox 368 1678 522 1708; x_wconf 83' lang='lat' dir='ltr'><strong>rerum</strong></span> <span class='ocrx_word' id='word_1_138' title='bbox 555 1677 651 1705; x_wconf 89' lang='lat' dir='ltr'><strong>non</strong></span> <span class='ocrx_word' id='word_1_139' title='bbox 682 1660 832 1706; x_wconf 83' lang='lat' dir='ltr'><strong>solum</strong></span> <span class='ocrx_word' id='word_1_140' title='bbox 864 1672 999 1704; x_wconf 83' lang='lat' dir='ltr'><strong>erunt</strong></span> <span class='ocrx_word' id='word_1_141' title='bbox 1034 1661 1080 1704; x_wconf 91' lang='lat' dir='ltr'><strong>in</strong></span> <span class='ocrx_word' id='word_1_142' title='bbox 1116 1660 1232 1704; x_wconf 86' lang='lat' dir='ltr'><strong>urbe</strong></span> <span class='ocrx_word' id='word_1_143' title='bbox 1261 1660 1491 1706; x_wconf 82' lang='lat' dir='ltr'><strong>aedificio-</strong></span> 
     </span>
     <span class='ocr_line' id='line_1_22' title="bbox 240 1732 1492 1792; baseline -0.004 -9"><span class='ocrx_word' id='word_1_144' title='bbox 240 1755 347 1783; x_wconf 89' lang='lat' dir='ltr'><strong>rum</strong></span> <span class='ocrx_word' id='word_1_145' title='bbox 401 1737 627 1789; x_wconf 79' lang='lat' dir='ltr'><strong>rationes,</strong></span> <span class='ocrx_word' id='word_1_146' title='bbox 673 1734 752 1778; x_wconf 83' lang='lat' dir='ltr'><strong>sed</strong></span> <span class='ocrx_word' id='word_1_147' title='bbox 803 1733 941 1778; x_wconf 80' lang='lat' dir='ltr'><strong>etiam</strong></span> <span class='ocrx_word' id='word_1_148' title='bbox 985 1732 1116 1787; x_wconf 86' lang='lat' dir='ltr'><strong>ruri,</strong></span> <span class='ocrx_word' id='word_1_149' title='bbox 1166 1744 1492 1792; x_wconf 76' lang='lat' dir='ltr'><strong>praeterquam</strong></span> 
     </span>
     <span class='ocr_line' id='line_1_23' title="bbox 243 1805 1488 1874; baseline -0.006 -18"><span class='ocrx_word' id='word_1_150' title='bbox 243 1810 379 1874; x_wconf 82' lang='lat' dir='ltr'><strong>quod</strong></span> <span class='ocrx_word' id='word_1_151' title='bbox 413 1811 459 1853; x_wconf 87' lang='lat' dir='ltr'><strong>in</strong></span> <span class='ocrx_word' id='word_1_152' title='bbox 492 1809 606 1852; x_wconf 78' lang='lat' dir='ltr'><strong>urbe</strong></span> <span class='ocrx_word' id='word_1_153' title='bbox 639 1808 748 1852; x_wconf 82' lang='lat' dir='ltr'><strong>atria</strong></span> <span class='ocrx_word' id='word_1_154' title='bbox 779 1806 989 1866; x_wconf 66' lang='lat' dir='ltr'><strong>proxima</strong></span> <span class='ocrx_word' id='word_1_155' title='bbox 1019 1805 1164 1850; x_wconf 83' lang='lat' dir='ltr'><strong>ianuis</strong></span> <span class='ocrx_word' id='word_1_156' title='bbox 1193 1806 1340 1850; x_wconf 77' lang='lat' dir='ltr'><strong>suleut</strong></span> <span class='ocrx_word' id='word_1_157' title='bbox 1372 1806 1488 1860; x_wconf 67' lang='lat' dir='ltr'><strong>‚ess&#39;e3</strong></span> 
     </span>
     <span class='ocr_line' id='line_1_24' title="bbox 239 1878 1493 1942; baseline -0.006 -12"><span class='ocrx_word' id='word_1_158' title='bbox 239 1884 334 1930; x_wconf 78' lang='lat' dir='ltr'><strong>Iuri</strong></span> <span class='ocrx_word' id='word_1_159' title='bbox 359 1899 470 1927; x_wconf 72' lang='lat' dir='ltr'><strong>vero</strong></span> <span class='ocrx_word' id='word_1_160' title='bbox 501 1880 870 1942; x_wconf 82' lang='lat' dir='ltr'><strong>pseudourbanis</strong></span> <span class='ocrx_word' id='word_1_161' title='bbox 902 1880 1051 1924; x_wconf 83' lang='lat' dir='ltr'><strong>statim</strong></span> <span class='ocrx_word' id='word_1_162' title='bbox 1082 1878 1338 1940; x_wconf 84' lang='lat' dir='ltr'><strong>peristylia,</strong></span> <span class='ocrx_word' id='word_1_163' title='bbox 1367 1879 1493 1923; x_wconf 83' lang='lat' dir='ltr'><strong>dein·</strong></span> 
     </span>
     <span class='ocr_line' id='line_1_25' title="bbox 242 1952 1492 2011; baseline -0.005 -9"><span class='ocrx_word' id='word_1_164' title='bbox 242 1958 303 2002; x_wconf 90' lang='lat' dir='ltr'><strong>de</strong></span> <span class='ocrx_word' id='word_1_165' title='bbox 341 1967 454 2000; x_wconf 84' lang='lat' dir='ltr'><strong>tunc</strong></span> <span class='ocrx_word' id='word_1_166' title='bbox 494 1954 603 1998; x_wconf 83' lang='lat' dir='ltr'><strong>atria</strong></span> <span class='ocrx_word' id='word_1_167' title='bbox 643 1953 858 1998; x_wconf 76' lang='lat' dir='ltr'><strong>habentia</strong></span> <span class='ocrx_word' id='word_1_168' title='bbox 898 1953 1072 1997; x_wconf 87' lang='lat' dir='ltr'><strong>circum</strong></span> <span class='ocrx_word' id='word_1_169' title='bbox 1119 1952 1324 2011; x_wconf 79' lang='lat' dir='ltr'><strong>porticus</strong></span> <span class='ocrx_word' id='word_1_170' title='bbox 1365 1953 1492 2011; x_wconf 81' lang='lat' dir='ltr'><strong>pavi-</strong></span> 
     </span>
     <span class='ocr_line' id='line_1_26' title="bbox 241 2021 1492 2085; baseline -0.005 -12"><span class='ocrx_word' id='word_1_171' title='bbox 241 2040 466 2073; x_wconf 77' lang='lat' dir='ltr'><strong>mentatas</strong></span> <span class='ocrx_word' id='word_1_172' title='bbox 485 2061 497 2081; x_wconf 78' lang='lat'>‚</span> <span class='ocrx_word' id='word_1_173' title='bbox 528 2021 776 2085; x_wconf 61' lang='lat' dir='ltr'><strong>spefiaiites</strong></span> <span class='ocrx_word' id='word_1_174' title='bbox 801 2024 856 2068; x_wconf 77' lang='lat' dir='ltr'><strong>ad</strong></span> <span class='ocrx_word' id='word_1_175' title='bbox 885 2024 1118 2084; x_wconf 81' lang='lat' dir='ltr'><strong>palaestras</strong></span> <span class='ocrx_word' id='word_1_176' title='bbox 1147 2022 1187 2067; x_wconf 70' lang='lat' dir='ltr'><strong>Sc</strong></span> <span class='ocrx_word' id='word_1_177' title='bbox 1209 2023 1492 2068; x_wconf 78' lang='lat' dir='ltr'><strong>ambulatio-</strong></span> 
     </span>
     <span class='ocr_line' id='line_1_27' title="bbox 240 2095 1488 2167; baseline -0.003 -22"><span class='ocrx_word' id='word_1_178' title='bbox 240 2118 333 2146; x_wconf 74' lang='lat' dir='ltr'><strong>nes,</strong></span> <span class='ocrx_word' id='word_1_179' title='bbox 371 2098 542 2167; x_wconf 73' lang='lat' dir='ltr'><strong>Quoad</strong></span> <span class='ocrx_word' id='word_1_180' title='bbox 561 2097 697 2158; x_wconf 85' lang='lat' dir='ltr'><strong>potui</strong></span> <span class='ocrx_word' id='word_1_181' title='bbox 722 2097 917 2141; x_wconf 79' lang='lat' dir='ltr'><strong>urbanas</strong></span> <span class='ocrx_word' id='word_1_182' title='bbox 945 2096 1144 2141; x_wconf 81' lang='lat' dir='ltr'><strong>rationes</strong></span> <span class='ocrx_word' id='word_1_183' title='bbox 1172 2095 1488 2141; x_wconf 85' lang='lat' dir='ltr'><strong>aedificiorum</strong></span> 
     </span>
    </p>
   </div>
   <div class='ocr_carea' id='block_1_3' title="bbox 237 2168 1140 2231">
    <p class='ocr_par' dir='ltr' id='par_1_3' title="bbox 237 2168 1140 2231">
     <span class='ocr_line' id='line_1_28' title="bbox 237 2168 1140 2231; baseline -0.003 -13"><span class='ocrx_word' id='word_1_184' title='bbox 237 2172 504 2219; x_wconf 84' lang='lat' dir='ltr'><strong>summatim</strong></span> <span class='ocrx_word' id='word_1_185' title='bbox 529 2170 760 2231; x_wconf 80' lang='lat' dir='ltr'><strong>perscripsi</strong></span> <span class='ocrx_word' id='word_1_186' title='bbox 781 2203 794 2224; x_wconf 86' lang='lat'>,</span> <span class='ocrx_word' id='word_1_187' title='bbox 825 2181 877 2214; x_wconf 89' lang='lat' dir='ltr'><strong>ut</strong></span> <span class='ocrx_word' id='word_1_188' title='bbox 904 2168 1140 2229; x_wconf 81' lang='lat' dir='ltr'><strong>proposui.</strong></span> 
     </span>
    </p>
   </div>
   <div class='ocr_carea' id='block_1_4' title="bbox 607 2278 1119 2325">
    <p class='ocr_par' dir='ltr' id='par_1_4' title="bbox 607 2278 1119 2325">
     <span class='ocr_line' id='line_1_29' title="bbox 607 2278 1119 2325; baseline -0.006 0"><span class='ocrx_word' id='word_1_189' title='bbox 607 2278 939 2325; x_wconf 84' lang='lat' dir='ltr'><strong>CAPUT</strong></span> <span class='ocrx_word' id='word_1_190' title='bbox 1004 2279 1119 2323; x_wconf 82' lang='lat' dir='ltr'><strong>IX.</strong></span> 
     </span>
    </p>
   </div>
   <div class='ocr_carea' id='block_1_5' title="bbox 386 2360 1333 2423">
    <p class='ocr_par' dir='ltr' id='par_1_5' title="bbox 386 2360 1333 2423">
     <span class='ocr_line' id='line_1_30' title="bbox 386 2360 1333 2423; baseline -0.006 -16"><span class='ocrx_word' id='word_1_191' title='bbox 386 2362 456 2407; x_wconf 84' lang='lat' dir='ltr'><strong>De</strong></span> <span class='ocrx_word' id='word_1_192' title='bbox 488 2363 733 2423; x_wconf 74' lang='lat' dir='ltr'><strong>rusticorum</strong></span> <span class='ocrx_word' id='word_1_193' title='bbox 767 2360 1052 2423; x_wconf 73' lang='lat' dir='ltr'><strong>aedificiorum</strong></span> <span class='ocrx_word' id='word_1_194' title='bbox 1088 2361 1333 2405; x_wconf 64' lang='lat' dir='ltr'><strong>rationibus,</strong></span> 
     </span>
    </p>
   </div>
   <div class='ocr_carea' id='block_1_6' title="bbox 322 2458 1487 2519">
    <p class='ocr_par' dir='ltr' id='par_1_6' title="bbox 322 2458 1487 2519">
     <span class='ocr_line' id='line_1_31' title="bbox 322 2458 1487 2519; baseline -0.003 -14"><span class='ocrx_word' id='word_1_195' title='bbox 322 2460 462 2505; x_wconf 87' lang='lat' dir='ltr'><strong>Nunc</strong></span> <span class='ocrx_word' id='word_1_196' title='bbox 493 2459 759 2504; x_wconf 67' lang='lat' dir='ltr'><strong>rusticarum</strong></span> <span class='ocrx_word' id='word_1_197' title='bbox 797 2459 1188 2519; x_wconf 67' lang='lat' dir='ltr'><strong>expeditionum,</strong></span> <span class='ocrx_word' id='word_1_198' title='bbox 1225 2470 1276 2502; x_wconf 87' lang='lat' dir='ltr'><strong>ut</strong></span> <span class='ocrx_word' id='word_1_199' title='bbox 1307 2458 1392 2502; x_wconf 85' lang='lat' dir='ltr'><strong>smt</strong></span> <span class='ocrx_word' id='word_1_200' title='bbox 1429 2459 1487 2502; x_wconf 81' lang='lat' dir='ltr'><strong>ad</strong></span> 
     </span>
    </p>
   </div>
  </div>
 </body>
</html>
