1600 2902
238 173 330 230 264
480 168 546 216 M.
581 167 874 215 VITRUVII
907 169 1251 218 POLLIONIS

234 287 548 338 peraequatur
582 276 676 321 eius
708 276 820 331 iter,
863 287 918 320 ut
955 277 1131 323 circiter
1168 280 1365 325 tricenos
1403 278 1499 324 dies

233 350 282 394 in
319 349 504 411 fingulis
530 349 660 411 lignis
700 349 868 393 habeat
901 351 1084 394 numeri
1117 352 1359 397 rationem.
1401 353 1499 397 Ve-

232 421 354 466 neris
391 434 568 465 autem·
601 438 711 467 curn
756 422 818 466 est
850 422 1042 467 liberata
1085 423 1142 467 ab
1187 425 1497 485 impeditione

230 496 474 542 mdiorum
501 495 627 548 solis,
662 508 797 540 XXXX
829 495 993 540 diebus
1019 498 1244 555 percurrit
1265 499 1375 560 signi
1399 500 1499 559 ipa-

232 567 378 611 tium:
418 568 550 627 quod
574 568 729 612 minus
759 569 1079 631 quadragenos
1114 570 1210 613 dies
1242 570 1288 614 in
1313 570 1497 632 singulis

231 641 364 703 signis
394 642 596 702 patitur,
645 659 753 686 curn
790 642 1036 686 stationem
1075 642 1260 698 fecerit,
1302 645 1499 689 restituit

232 730 332 760 earn
369 715 602 759 summam
626 715 815 760 numeri
844 715 892 760 in
924 732 1022 760 uno
1050 716 1176 779 signo
1202 732 1389 763 morata.
1420 719 1498 764 Er-

229 801 290 847 go
318 796 466 829 totam
498 785 823 835 circuitionem
858 786 905 830 in
932 787 1066 830 coelo
1099 787 1498 849 quadringentesi-

228 875 312 903 mo
335 858 377 909 Sc
398 856 679 920 oeiogefimo
710 858 751 904 &t
789 859 959 918 quinto
995 859 1071 904 die
1103 862 1344 919 pei-menia
1364 895 1376 918 ‚
1413 863 1499 906 ite·-

227 949 333 981 1um
363 932 409 976 in
448 932 495 976 id
520 933 701 994 signum
732 931 850 977 redit
867 967 880 988 ‚
917 949 974 977 ex
995 949 1092 992 quo
1112 933 1239 995 signo
1264 935 1389 993 prius
1412 936 1497 979 iter

227 1003 374 1049 facere
407 1005 575 1064 coepit.
618 1005 776 1054 Martis
811 1022 923 1050 vero
957 1006 1135 1051 circiter
1162 1006 1492 1051 sexcenteslrno

227 1076 509 1141 ociogefimo
556 1081 695 1124 tertio
727 1080 800 1124 die
840 1080 1037 1125 fiderum
1075 1081 1215 1139 spatia
1243 1097 1497 1141 pervagan-

227 1152 292 1196 do
329 1153 545 1211 pervenit
578 1170 634 1197 eo
657 1188 669 1209 ,
709 1169 769 1198 ex
794 1169 892 1212 quo
927 1153 1116 1198 initium
1142 1153 1355 1198 faciendo
1392 1169 1496 1198 cur-

223 1223 328 1269 sum
365 1224 534 1270 fecerat
580 1237 720 1269 ante:
762 1224 803 1270 8c
844 1224 892 1268 in
929 1224 1102 1284 quibus
1145 1224 1275 1288 signis
1303 1226 1493 1270 celerius

224 1298 450 1357 percurrit
488 1315 596 1342 cum
635 1297 880 1342 stationem
926 1296 1064 1353 fecit,
1109 1299 1267 1357 explet
1309 1298 1493 1342 dierum

223 1370 408 1414 numeri
434 1371 679 1414 rationem.
713 1370 833 1414 Iovis
860 1381 1017 1415 autern
1040 1371 1371 1430 placidioribus
1396 1387 1492 1432 gra-

223 1439 363 1484 dibus
393 1441 616 1486 scandens
648 1453 809 1486 contra
843 1442 1010 1486 mundi
1040 1443 1367 1496 versationem,
1414 1443 1494 1486 cir-

220 1512 336 1556 citer
367 1515 582 1558 trecentis
609 1514 841 1576 sexaginta
874 1515 1088 1574 quinque
1123 1514 1288 1558 diebus
1314 1514 1489 1575 singula

220 1586 343 1648 figna
385 1588 696 1646 permetitur,
740 1587 781 1632 Sc
823 1588 1022 1632 consistit
1054 1605 1138 1647 per
1184 1604 1328 1632 annos
1360 1601 1411 1632 XI
1445 1589 1486 1633 Sc

221 1657 317 1702 dies
353 1670 584 1703 trecentos
625 1659 856 1722 sexaginta
895 1671 1009 1715 tres,
1054 1663 1094 1705 δε
1117 1661 1239 1704 redit
1271 1661 1319 1704 in
1350 1661 1398 1704 id
1428 1661 1488 1704 sl-

217 1746 400 1791 gnum,
446 1731 492 1774 in
542 1748 640 1791 quo
682 1742 791 1776 ante
834 1732 1090 1777 duodecim
1138 1749 1282 1777 annos
1324 1733 1484 1778 fuerat.

219 1803 407 1848 Saturni
435 1820 545 1848 vero
581 1804 814 1849 mensibus
842 1805 1158 1867 undetriginta
1199 1806 1239 1849 Sc
1286 1807 1483 1866 amplius

217 1878 376 1935 paucis
406 1876 571 1920 diebus
602 1878 861 1936 pervadens
885 1894 966 1937 per
994 1878 1105 1940 signi
1134 1877 1331 1938 spatium
1353 1913 1365 1934 ‚
1400 1895 1484 1922 an-

216 1964 282 1993 no
321 1964 452 1993 nono
491 1949 531 1995 Sc
569 1950 788 2012 vigesimo
831 1951 1008 1996 circiter
1057 1951 1220 1995 diebus
1259 1965 1384 2006 CLX,
1432 1953 1481 1995 in

216 2038 318 2083 quo
349 2034 457 2067 ante
487 2024 715 2068 tricesimo
748 2023 896 2069 fuerat
918 2041 1041 2070 anno
1063 2026 1110 2069 in
1145 2026 1191 2068 id
1212 2026 1481 2082 restituitur,

215 2113 277 2141 ex
306 2113 461 2157 eoque
489 2115 587 2157 quo
611 2099 762 2142 minus
787 2098 844 2142 ab
870 2111 1081 2144 extremo
1104 2099 1235 2143 distat
1268 2100 1477 2155 mundo,

213 2179 347 2213 tanto
381 2170 607 2214 maiorem
651 2170 1001 2215 circinationem
1046 2183 1174 2215 rotae
1203 2186 1480 2230 percurren-

214 2242 312 2296 do,
350 2244 522 2288 tardior
554 2244 739 2288 videtur
775 2244 874 2289 effe.
931 2245 993 2289 Hi
1028 2257 1188 2290 autem
1232 2245 1313 2303 qui
1342 2246 1476 2303 supra

211 2315 313 2360 solis
352 2315 437 2360 iter
467 2316 785 2361 circinationes
821 2329 1075 2379 peragunt,
1131 2317 1340 2361 maxime*
1364 2332 1472 2359 cum

209 2386 260 2431 in
303 2386 486 2448 trigono
525 2387 724 2442 fuerint,
772 2387 906 2447 quod
943 2388 977 2432 is
1008 2389 1195 2444 inierit,
1243 2400 1346 2432 tum
1376 2392 1474 2430 non

208 2456 602 2519 progrediuntur,
644 2457 722 2503 ted
742 2457 957 2523 regressus
976 2459 1192 2506 facientes
1210 2468 1474 2515 morantur,
