1600 2902
241 220 322 268 DE
358 199 847 264 ARCHITECTURA
881 216 991 262 Lm.
1023 215 1126 262 vn.
1229 227 1316 278 215

74 326 338 372 tunduntur
367 324 406 370 86
433 326 708 380 moluntur,
747 324 788 371 8c
812 323 1069 369 lotionibus
1094 322 1135 368 86
1161 318 1323 367 coelu-

74 400 130 443 ris
158 398 322 443 crebris
345 395 508 442 relictis
538 397 838 453 stercoribus,
876 396 1069 440 efficitur
1097 405 1150 441 ut
1182 393 1323 438 adve-

73 471 201 514 niant
222 471 410 514 colores.
432 469 552 514 Cum
578 485 685 531 ergo
713 470 823 513 haec
842 467 995 512 emissa
1020 476 1180 522 erunt,
1207 478 1324 511 tunc

71 541 274 585 minium
307 553 502 601 propter
533 541 708 603 argenti
739 540 833 585 vivi
863 536 1178 593 relictionem,
1209 552 1325 596 quas

70 614 117 658 in
151 614 194 658 se
228 617 452 659 naturales
492 614 717 658 habuerat
764 606 956 658 virtutes
1000 611 1248 670 relinquit,
1283 608 1324 653 86

68 686 259 730 efficitur
291 698 446 730 tenera
476 697 636 731 natura
667 686 707 731 86
739 684 913 730 viribus
940 683 1184 728 imbecilla.
1235 681 1325 726 Ita-

72 776 167 819 que
194 775 302 804 cum
339 760 399 803 est
432 760 479 802 in
519 758 886 819 expolitionibus
932 759 1224 803 conclavium
1256 767 1327 802 te-

71 829 221 877 <storiis
263 829 506 877 inductum
528 865 542 888 ‚
584 843 826 892 permanet
852 832 947 875 fine
974 831 1093 874 vitiis
1128 831 1211 875 suo
1246 846 1328 875 co-

72 905 183 949 lore.
212 903 394 964 Apertis
435 921 571 960 vero,
611 903 661 948 id
696 904 757 948 efl
791 903 1065 964 peristyliis,
1102 913 1183 947 aut
1217 917 1328 946 exe-

73 974 192 1030 dris,
222 987 303 1019 aut
332 977 490 1020 ceteris
524 975 752 1021 eiusmodi
778 976 915 1030 locis,
949 990 1047 1034 quo
1081 973 1149 1017 sol
1180 972 1220 1017 8:
1251 974 1328 1016 lu-

71 1061 128 1089 na
160 1046 294 1106 possit
331 1047 595 1106 splendores
631 1047 671 1091 86
707 1047 856 1092 radios
890 1046 1172 1101 immittere,
1215 1060 1328 1090 cum

71 1121 130 1164 ab
158 1120 209 1163 iis
243 1121 372 1166 locus
398 1121 630 1182 tangitur,
661 1120 875 1174 vitiatur,
906 1119 946 1165 86
966 1118 1118 1163 amiffa
1153 1117 1328 1162 virtute

73 1193 259 1246 coloris,
313 1192 591 1253 denigratur.
631 1191 795 1251 Itaque
825 1208 934 1238 cum
975 1191 1015 1237 8c
1050 1191 1124 1236 alii
1161 1190 1328 1246 multi,

70 1274 175 1308 tum
217 1264 355 1307 etiam
398 1262 612 1307 Faberius
652 1263 824 1319 scriba,
859 1280 970 1308 cum
999 1263 1047 1307 in
1085 1261 1329 1308 AventIno

72 1335 283 1380 voluisset
322 1335 492 1379 habere
526 1335 725 1380 domum
772 1337 1003 1397 eleganter
1044 1335 1329 1394 expolitam,

71 1406 310 1467 peristyliis
346 1407 540 1466 parietes
582 1424 743 1454 omnes
787 1408 975 1451 induxit
1023 1408 1199 1462 minio,
1243 1405 1329 1465 qui

70 1478 173 1539 post
206 1478 299 1522 dies
333 1479 516 1540 triginta
551 1476 655 1523 faffli
689 1480 793 1524 sunt
823 1479 1068 1523 invenusto
1104 1479 1327 1537 varioque

70 1551 239 1595 colore.
282 1550 446 1608 Itaque
482 1551 634 1610 primo
677 1551 845 1595 locavit
889 1550 1182 1595 inducendos
1216 1551 1328 1595 alios

70 1623 258 1667 colores.
294 1621 357 1666 At
390 1622 420 1666 sl
454 1623 555 1680 quis
591 1622 803 1667 subtilior
840 1621 1009 1677 fuerit,
1054 1622 1094 1668 8c
1123 1623 1326 1668 voluerit

70 1694 410 1753 expolitionem
443 1695 714 1739 miniaceam
748 1696 882 1740 suum
920 1696 1125 1739 colorem
1157 1696 1328 1739 retine-

71 1782 146 1819 1e3
196 1782 303 1810 cnm
333 1767 474 1825 paries
503 1769 733 1827 expolitus
766 1767 805 1812 86
833 1767 983 1812 aridus
1014 1766 1178 1822 fuerit,
1210 1779 1327 1812 tunc

71 1852 220 1881 ceram
238 1838 459 1882 Punicam
479 1839 570 1899 igni
590 1836 882 1897 liquefactam
900 1873 911 1894 ,
929 1840 1071 1898 paulo
1091 1840 1194 1882 oleo
1218 1851 1327 1883 tem-

70 1920 274 1969 peratam
293 1944 306 1964 ,
348 1911 435 1954 seta
469 1910 686 1954 inducat:
739 1910 911 1954 deinde
933 1911 1087 1969 postea
1115 1910 1327 1954 carboni-

71 1981 159 2025 bus
189 1982 235 2025 in
266 1981 413 2026 ferreo
454 1980 553 2025 vase
587 1982 882 2041 compofitis,
924 1997 1024 2025 eam
1059 1996 1209 2024 ceram
1244 1997 1328 2039 ap-

72 2054 220 2113 prime
263 2071 370 2099 cum
409 2054 581 2113 pariete
618 2053 930 2099 calefaciendo
966 2053 1128 2097 sudare
1164 2066 1324 2115 cogat,

74 2124 247 2182 fiatque
294 2137 345 2169 ut
384 2136 725 2184 peraequetnr:
777 2125 949 2169 deinde
986 2139 1094 2167 cum
1136 2125 1325 2169 candela

72 2195 320 2253 linteisque
364 2196 488 2254 puris
537 2197 744 2259 subigat,
794 2196 860 2240 uti
903 2195 1021 2255 signa
1068 2211 1325 2241 marmorea

72 2266 198 2310 nuda
231 2279 461 2311 curantur.
502 2269 625 2313 Haec
666 2279 821 2312 autern
855 2272 989 2312 καῦσις
1012 2266 1182 2310 Graece
1211 2269 1325 2312 dici-

73 2350 162 2382 tur.
202 2339 268 2382 Ita
308 2339 485 2384 obstans
529 2356 655 2385 cerae
687 2341 885 2385 Punicae
917 2339 1055 2383 lorica
1089 2355 1181 2383 non
1212 2343 1326 2399 pati·-

72 2423 148 2455 tur
174 2428 258 2456 nec
290 2414 424 2457 lunae
450 2413 743 2472 lplendorem
764 2446 776 2468 ,
810 2428 895 2456 nec
923 2413 1022 2455 solis
1049 2412 1198 2456 radios
1221 2415 1326 2459 lam-

73 2483 230 2528 bendo
244 2485 417 2545 eripere
434 2501 493 2530 ex
508 2485 573 2530 liis
589 2486 900 2546 politionibus
918 2486 1138 2529 colorem..
1189 2488 1326 2555 Quae

958 2550 1004 2593 O
1042 2567 1073 2608 4
