1600 2902
275 143 367 193 332
515 128 580 176 M.
620 130 666 177 V
669 129 912 176 ITRUVII
945 132 1232 180 POLLION
1236 130 1286 177 IS
1345 140 1347 142 ’

274 240 364 284 bus
380 237 485 283 effet
501 236 885 298 Apolloniatibus
912 242 1233 287 renuntiatum
1249 276 1262 296 ‚
1284 242 1534 303 perturba-

272 311 310 354 ti
335 310 510 355 nuntio
526 345 536 365 ‚
565 323 756 371 propter
779 312 999 357 timorem
1027 313 1220 356 consiliis
1246 314 1532 378 indigentes,

272 383 438 427 animis
459 383 738 429 deficiebant
753 418 766 440 ,
788 384 923 444 quod
945 401 1103 444 neque
1136 396 1347 445 tempus,
1373 403 1533 447 neque

275 465 457 499 certum
482 457 640 502 locum
671 457 780 501 scire
804 467 1050 516 poterant,
1078 473 1177 516 quo
1208 459 1435 503 emersum
1468 458 1535 503 fa-

272 522 393 571 {iuri
422 526 605 572 fuissent
630 529 789 574 hostes.
832 529 961 574 Tum
985 546 1096 573 vero
1115 529 1314 590 Trypho
1331 529 1535 576 Alexan-

274 598 463 653 drinus,
497 601 580 658 qui
601 601 666 644 ibi
696 601 847 646 fuerat
873 597 1170 655 amhstefflus,
1193 601 1309 645 intra
1340 619 1533 646 murum

272 672 428 731 plures
446 672 607 732 specus
626 673 877 736 designavit
891 709 903 730 ‚
928 674 969 720 Sc
989 673 1216 718 fodiendo
1236 685 1400 719 terram
1425 691 1537 734 pro-

271 744 574 804 grediebatur
600 758 726 792 extra
750 765 967 803 murum,
990 747 1236 792 dumtaxat
1266 748 1372 792 citra
1400 747 1535 810 sagit-2

274 828 350 861 tae
382 818 665 864 emiffionem
684 858 696 875 ,
730 820 770 866 8<
799 820 846 864 in
883 819 1105 865 omnibus
1134 819 1234 864 vasa
1275 835 1416 864 aenea
1440 818 1535 862 sus-

272 890 454 948 pendit.
491 891 562 936 Ex
592 892 659 936 his
688 893 736 936 in
767 908 861 937 una
888 890 1075 947 fossura,
1109 908 1229 951 quae
1259 902 1419 936 contra
1446 891 1537 936 ho-

272 963 412 1008 stium
432 964 592 1024 specus
610 965 757 1010 fuerat
772 999 784 1021 ‚
802 965 904 1010 vasa
924 964 1183 1024 pendentia
1204 964 1262 1008 ad
1285 964 1434 1026 plagas
1454 963 1538 1008 fer·

271 1050 595 1082 ramentorum
622 1038 781 1083 sonate
809 1049 1080 1098 coeperunt.
1127 1038 1193 1081 Ita
1223 1053 1281 1081 ex
1313 1053 1369 1081 eo
1401 1037 1536 1081 intel·

271 1105 444 1154 ledum
464 1112 549 1167 est,
573 1127 666 1171 qua
693 1111 881 1174 regione
906 1110 1146 1156 adversarii
1169 1110 1328 1170 specus
1348 1120 1535 1172 agentes

271 1180 392 1226 intra
422 1196 668 1242 penetrare
702 1184 982 1247 cogitabant.
1035 1183 1107 1229 Sic
1142 1183 1421 1228 limitatione
1452 1198 1534 1227 eo·-

271 1256 397 1316 gnita
415 1290 426 1311 ,
448 1258 727 1318 temperavit
755 1258 899 1302 ahena
931 1273 1080 1316 aquae
1111 1255 1328 1301 ferventis
1352 1255 1393 1301 8c
1418 1255 1534 1315 picis

273 1329 534 1390 desuperne
562 1345 722 1377 contra
747 1334 895 1394 capita
919 1333 1149 1389 hostium,
1168 1334 1208 1378 &c
1228 1332 1430 1376 stercoris
1444 1331 1533 1376 hu-

270 1404 398 1445 mani
418 1401 457 1447 8c
476 1419 636 1448 arenae
665 1401 818 1449 cociae
843 1403 1104 1449 candentis:
1131 1403 1238 1447 dein
1257 1399 1397 1447 noestu
1426 1417 1532 1461 per-

270 1474 401 1519 tudit
419 1476 575 1519 crebra
606 1476 831 1521 foramina
847 1511 859 1532 ‚
881 1477 921 1522 Sc
944 1494 1026 1536 per
1051 1493 1102 1521 ea
1125 1486 1318 1535 repente
1337 1474 1533 1535 perfun-

272 1545 462 1602 dendo,
490 1548 571 1606 qui
601 1549 648 1592 in
680 1565 735 1593 eo
768 1565 908 1608 opere
938 1548 1128 1593 fuerunt
1156 1548 1331 1602 hostes,
1367 1563 1531 1591 omnes

269 1619 465 1663 necavit.
501 1620 618 1664 Item
644 1620 831 1665 Massilia
853 1637 961 1666 cum
984 1631 1336 1682 oppugnaretur
1354 1652 1366 1673 ,
1385 1619 1425 1663 gc
1443 1634 1531 1663 nu·-

269 1707 402 1735 mero
422 1692 555 1751 supra
584 1705 684 1735 XXX
720 1693 878 1752 specus
898 1703 1000 1737 tum
1033 1703 1243 1754 agerent,
1269 1690 1530 1735 Maffilitani

271 1764 483 1823 suspicati
499 1799 512 1820 ,
534 1778 680 1810 totam
704 1782 824 1825 quae
855 1765 1002 1810 fuerat
1023 1778 1129 1810 ante
1153 1782 1343 1809 murum
1369 1763 1529 1809 fossam

270 1835 433 1882 altiore
477 1836 640 1883 fossura
680 1837 1027 1898 cleptessemnt3
1071 1837 1133 1880 ita
1172 1838 1330 1897 specus
1365 1852 1531 1880 omnes

273 1907 424 1952 exitus
448 1909 495 1953 in
520 1909 676 1953 fossam
703 1909 983 1953 habuerunt.
1027 1908 1216 1974 Quibus
1236 1919 1395 1951 autem
1417 1907 1530 1952 locis

273 1978 382 2024 foffa
400 1996 497 2024 non
518 1993 737 2041 potuerat
760 1982 856 2025 fieri
877 1980 995 2025 intra
1018 1997 1209 2025 murum
1223 2014 1234 2034 ‚
1256 1979 1529 2024 barathrum

270 2054 542 2111 amplissirna
574 2054 870 2116 longitudine
899 2054 939 2099 Sc
967 2053 1282 2113 amplitudine
1302 2086 1315 2108 ‚
1353 2052 1423 2097 uti
1456 2051 1530 2112 pi-

270 2125 468 2178 scinam,
497 2125 707 2170 fecerunt
740 2138 898 2170 contra
937 2142 1045 2170 eum
1081 2127 1237 2170 locum
1258 2159 1270 2180 ‚
1303 2141 1395 2183 qua
1425 2123 1527 2182 spe-

270 2210 350 2238 cus
368 2195 648 2257 agebantur,
679 2212 877 2254 eamque
911 2213 936 2240 e
969 2195 1120 2256 puteis
1148 2196 1188 2240 Sc
1218 2212 1242 2239 e
1267 2206 1411 2254 portu
1438 2195 1528 2237 irn-

270 2268 534 2326 pleverunt.
560 2269 722 2328 Itaque
742 2284 850 2313 cum
880 2268 1037 2328 specus
1057 2267 1198 2312 effent
1221 2277 1414 2326 repente
1445 2281 1527 2308 na-

269 2342 397 2386 ribus
429 2343 618 2402 apertiS‚
651 2343 899 2388 vehemens
927 2358 1075 2402 aquae
1103 2341 1166 2385 vis
1197 2338 1388 2384 immiffa
1419 2339 1526 2397 sup-

268 2416 496 2472 plantavit
532 2414 754 2472 fulturas,
792 2415 974 2475 quique
1006 2414 1125 2460 intra
1163 2412 1377 2469 fuerunt,
1406 2410 1446 2456 Sc
1468 2409 1528 2455 ab
