1600 2902
221 239 302 286 DE
333 235 832 284 ARCHITECTURA
866 236 973 282 LIB.
1006 236 1130 282 VIII.
1209 253 1299 302 225

42 346 259 411 gionibus
282 357 404 390 certa
424 346 635 390 finitione
657 344 926 407 designabit.
964 345 1103 389 Tunc
1128 345 1175 389 in
1199 345 1304 405 qui-

43 419 129 464 bus
165 417 274 462 locis
313 416 605 462 videbuntur
636 415 856 459 humores
890 414 933 458 se
964 415 1306 474 concrispantes

42 489 84 536 86
112 488 161 532 in
189 496 287 534 a'era
313 489 575 550 surgentes,
620 485 684 530 ibi
708 485 934 530 fodiatur:
969 502 1068 531 non
1098 489 1225 531 enirn
1258 489 1307 532 in

45 562 159 607 sicco
191 564 297 606 loco
335 563 424 605 hoc
454 561 635 622 fignum
670 561 818 618 potest
850 559 960 603 sieri.
1006 559 1125 603 Item
1150 561 1308 604 anirn-

43 632 385 678 advertendum
417 633 476 676 est
511 630 841 690 quaerentibus
871 647 1067 689 aquam,
1104 648 1202 691 quo
1235 648 1310 695 ge-

44 721 154 751 nere
182 706 269 750 siut
299 708 428 749 loca:
468 716 591 747 certa
624 702 747 746 enim
778 702 909 758 sunt,
950 703 997 747 in
1027 705 1199 763 quibus
1232 721 1311 750 na·

45 778 196 824 scitur.
252 779 305 822 In
338 791 458 823 creta
488 777 637 821 tenuis
681 774 721 818 86
755 775 883 819 exilis
914 778 952 821 'Sc
989 793 1087 821 non
1125 780 1213 822 alta
1246 778 1309 823 est

46 852 208 911 copia:
249 868 300 895 ea
331 852 415 895 erit
446 866 543 894 non
576 848 760 908 optimo
794 848 967 907 sapore.
1023 850 1141 893 Item
1175 851 1312 896 sabu-

47 925 157 968 lone
189 924 344 968 soluto
377 922 559 976 tenui53
597 921 673 965 sed
708 920 736 965 si
772 920 1066 966 inferioribus
1099 923 1209 968 locis
1243 925 1313 968 in-

49 999 294 1051 venietur,
343 1013 394 1040 ea
436 996 520 1040 erit
561 993 719 1038 limosa
763 993 803 1038 86
841 995 1050 1040 insuavis.
1106 996 1159 1040 In
1196 1007 1314 1042 terra

47 1082 206 1115 autem
253 1071 381 1132 nigra
417 1069 602 1114 sudores
640 1068 679 1112 86
711 1068 851 1112 stillae
888 1069 1028 1113 exiles
1061 1069 1314 1114 inveniun-

46 1156 154 1200 tur,
192 1161 311 1204 quae
351 1160 410 1188 ex
454 1143 657 1187 hibernis
700 1142 1050 1202 tempestatibus
1093 1142 1314 1190 colle&ae

48 1216 97 1260 in
134 1216 270 1276 spiffis
306 1214 347 1260 86
378 1215 530 1260 solidis
566 1216 676 1260 locis
710 1214 980 1260 subsidunt:
1024 1234 1101 1262 eae
1138 1219 1313 1265 habent

52 1288 291 1348 optimum
338 1288 562 1348 saporem.
620 1289 783 1333 Glarea
822 1305 932 1334 vero
975 1291 1230 1337 mediocres
1274 1293 1315 1338 86

49 1377 150 1405 non
180 1372 328 1405 certae
354 1376 501 1404 venae
522 1359 843 1419 reperiuntur:
874 1378 952 1405 eae
974 1379 1170 1423 quoque
1190 1382 1315 1428 egre-

49 1433 121 1496 gia
154 1432 261 1478 sunt
285 1433 518 1477 suavitate.
562 1433 681 1477 Item
710 1433 937 1477 sabulone
967 1435 1196 1492 masculo,
1222 1454 1316 1481 are-

50 1522 209 1566 naque
233 1505 274 1551 86
291 1506 609 1561 carbunculo,
638 1506 855 1550 certiores
879 1504 918 1549 86
937 1505 1183 1551 stabiliores
1207 1508 1315 1552 sunt

51 1580 213 1640 copiae
233 1614 246 1635 ‚
285 1595 462 1639 eaeque
493 1579 601 1623 sunt
634 1578 763 1622 bono
795 1579 966 1637 sapore.
1011 1579 1174 1625 Rubro
1206 1581 1313 1626 saxo

47 1651 91 1697 86
118 1651 330 1712 copiosae
360 1651 401 1696 86
432 1651 613 1706 bonae,
648 1650 679 1695 si
710 1667 809 1695 non
837 1667 919 1711 per
946 1651 1203 1696 intervenia
1241 1654 1314 1697 di-

49 1725 268 1770 labantur
305 1723 346 1768 86
390 1723 662 1783 liquescant.
719 1722 819 1768 Sub
871 1724 1104 1769 radicibus
1152 1739 1313 1772 autem

51 1798 290 1843 montium
324 1797 366 1842 86
396 1798 445 1841 in
485 1797 596 1841 saxis
635 1797 862 1852 filicibus,
911 1798 1146 1843 uberiores
1178 1803 1217 1844 86
1248 1800 1316 1845 af-

52 1869 350 1924 fluentiores3
385 1885 560 1928 eaeque
597 1870 850 1932 frigidiores
884 1871 992 1916 sunt
1026 1873 1066 1916 &⁸
1093 1874 1316 1919 salubrio-

53 1958 134 1987 res.
190 1942 533 2002 Campestribus
571 1955 729 1986 autem
764 1943 973 1988 fontibus
1008 1945 1168 2001 salsae,
1217 1964 1317 2008 gra-

54 2031 158 2070 ves,
187 2016 398 2076 tepidae,
429 2033 527 2061 non
559 2017 744 2071 suave53
793 2017 872 2061 nisi
922 2035 1042 2076 quae
1085 2035 1143 2062 ex
1177 2036 1317 2064 mon-

55 2086 181 2132 tibus
208 2089 293 2132 sub
325 2099 441 2133 terra
479 2088 806 2133 submanantes
843 2102 1102 2149 erumpunt
1131 2092 1178 2135 in
1217 2110 1317 2137 me·-

57 2159 158 2203 dios
204 2175 415 2217 campos,
459 2161 624 2220 ibique
668 2163 889 2206 arborum
939 2163 1112 2207 umbris
1153 2178 1317 2208 conte-

55 2228 185 2286 c‘lae,
227 2232 453 2290 praestant
495 2244 828 2278 montanorum
875 2234 1078 2278 fontium
1120 2236 1316 2281 suavita-

57 2314 169 2347 tem.
223 2302 359 2365 Signa
396 2316 554 2350 autem
595 2306 767 2364 quibus
813 2317 1035 2350 termrum
1070 2309 1315 2364 generilms

57 2375 285 2419 suberunt
319 2392 492 2434 aquae,
535 2389 714 2436 praeter
752 2378 884 2437 quod
928 2379 1057 2436 {upra
1099 2380 1319 2438 icriptum

56 2448 134 2501 est,
159 2449 269 2493 haec
297 2463 462 2494 erunt:
499 2451 527 2494 sl
560 2452 861 2496 invenientur
889 2452 1134 2504 nascentia,
1168 2454 1318 2497 tenuis

57 2521 221 2565 iuncus
241 2555 253 2575 ‚
292 2523 400 2566 salix
443 2525 629 2570 erratica
650 2558 664 2581 ‚
700 2526 829 2569 aluus
847 2558 860 2580 ,
902 2524 1028 2570 vitex
1051 2558 1062 2577 ,
1105 2525 1317 2582 arundo,

162 2585 388 2635 Vitruvius.
1029 2590 1066 2634 P
