1600 2902
251 193 277 224 2
286 192 304 223 ι
313 189 342 224 0
490 171 556 218 M.
590 170 882 218 VITRUVII
914 173 1201 221 POLLION
1205 171 1255 219 IS

247 292 317 327 rat
349 289 563 324 ornatus:
612 278 771 337 itaque
807 293 915 322 cum
948 276 1187 337 adspeclus
1223 280 1318 324 eius
1350 277 1508 324 scenae

248 363 441 411 propter
459 351 746 410 asperitatem
785 350 1102 395 eblandiretur
1127 353 1340 396 omnium
1363 351 1507 406 visus,

246 425 289 470 Sc
329 426 418 469 iam
446 424 495 468 id
530 441 647 484 opus
670 423 866 483 probare
888 422 1071 467 fuissent
1105 425 1271 482 parati,
1302 439 1403 468 tum
1431 425 1509 468 Li-

246 496 392 553 cinius
421 496 773 540 mathematicus
792 494 988 554 prodiit,
1019 495 1059 538 8<
1082 496 1141 538 ait
1162 514 1170 538 :
1215 495 1508 541 Alabandeos

245 571 346 615 satis
364 581 521 613 acutos
547 569 605 612 ad
627 585 788 613 omnes
811 585 876 612 res
895 569 1047 613 civiles
1069 567 1228 613 haberi
1243 604 1254 624 ,
1310 569 1386 613 sed
1408 585 1508 628 pro·

245 652 351 701 pter
377 655 472 683 non
500 655 725 701 magnum
765 638 932 684 vitium
966 638 1252 684 indecentiae
1288 640 1505 699 insipien-

245 724 313 758 tes
343 727 418 756 eos
443 710 528 755 effe
560 711 807 766 iudicatos,
860 711 991 770 quod
1022 713 1066 755 in
1088 712 1322 773 gymnasio
1344 729 1508 757 eorum

248 800 368 843 quae
398 782 506 827 sunt
537 784 706 829 statuae
725 817 738 839 ‚
782 800 945 828 omnes
972 784 1078 829 sunt
1116 784 1264 829 causas
1292 797 1505 847 agentes,

245 856 295 900 in
315 855 415 899 foro
428 865 585 899 autem
611 855 754 899 discos
776 866 1010 910 tenentes,
1034 867 1114 900 aut
1143 868 1401 911 currentes,
1425 855 1503 900 seu

244 929 339 989 pila
367 927 594 972 ludentes.
652 928 716 972 Ita
758 928 975 972 indecens
1008 929 1126 972 inter
1157 930 1367 973 locorum
1395 944 1506 987 pro-

245 1000 459 1060 prietates
503 1000 639 1043 status
689 999 944 1061 signorum,
995 999 1183 1058 publice
1224 999 1396 1042 civitati
1432 997 1504 1041 vi'-

245 1074 369 1118 tium
417 1072 759 1117 existimationis
807 1072 987 1116 adiecit.
1080 1071 1336 1116 Videamus
1389 1071 1505 1115 item

245 1162 375 1193 nunc
399 1178 412 1201 ,
443 1162 502 1189 ne
532 1144 743 1203 Apaturii
782 1144 909 1188 scena
941 1145 1102 1188 efficiat
1126 1144 1165 1187 8c
1191 1159 1274 1187 nos
1303 1142 1504 1186 Alaban-

249 1219 362 1263 deos
395 1228 475 1261 aut
510 1216 766 1260 Abderitas.
822 1216 939 1283 Quis
969 1217 1091 1259 enim
1115 1215 1312 1259 vestrum
1337 1215 1504 1260 domos

245 1290 382 1350 supra
408 1290 669 1351 tegularum
705 1284 822 1332 tecla
851 1288 1000 1347 potest
1038 1287 1228 1342 habere,
1262 1299 1340 1330 aut
1373 1289 1502 1330 colu-

244 1378 377 1407 mnas
394 1395 407 1417 ‚
440 1361 517 1405 seu
541 1359 820 1421 fastigiorum
841 1358 1205 1418 explicationes?
1227 1357 1350 1401 Haec
1371 1357 1496 1400 enim

242 1433 379 1493 supra
409 1430 781 1492 contignationes
814 1441 1088 1488 ponuntur,
1136 1444 1231 1472 non
1261 1428 1392 1486 supra
1426 1437 1497 1470 te·-

243 1507 459 1565 gularum
488 1499 619 1547 tecta.
652 1501 698 1546 Si
729 1517 836 1563 ergo
872 1516 994 1559 quae
1018 1516 1115 1544 non
1144 1498 1326 1558 poffunt
1350 1499 1394 1541 in
1415 1514 1494 1542 ve-

242 1575 377 1621 ritate
403 1575 631 1618 rationem
665 1573 833 1616 habere
868 1571 1000 1625 facti,
1037 1572 1083 1614 in
1114 1567 1298 1629 picturis
1328 1570 1494 1629 proba-

243 1648 472 1701 verimus‚
508 1645 777 1690 accedemus
804 1645 845 1689 Sc
871 1660 954 1687 nos
985 1643 1051 1686 his
1070 1643 1350 1696 civitatibus,
1372 1659 1490 1700 quae

240 1729 434 1779 propter
460 1719 572 1762 haec
601 1717 709 1761 vitia
734 1716 997 1775 infipientes
1016 1716 1122 1758 sunt
1150 1714 1385 1758 iudicatae.
1412 1715 1497 1758 Ita·¹
1524 1720 1529 1723 ‘

240 1807 337 1851 que
366 1790 613 1850 Apaturius
642 1800 801 1834 contra
826 1788 1103 1848 respondere
1131 1803 1224 1832 non
1251 1789 1312 1832 est
1338 1787 1488 1842 aus1153

238 1862 319 1906 sed
339 1861 513 1906 sustulit
533 1861 711 1905 scenam
727 1893 740 1915 ‚
773 1859 815 1905 8c
833 1859 890 1903 ad
909 1859 1134 1903 rationem
1156 1859 1352 1902 veritatis
1374 1874 1496 1901 com-

237 1945 494 1988 mutatam,
521 1934 674 1992 postea
702 1928 950 1976 correctam
982 1929 1270 1990 approbavit.
1303 1929 1491 1973 Utinam

236 2005 316 2051 Dii
356 2006 637 2050 immortales
676 2003 906 2059 fecissent,
946 2016 997 2048 ut
1029 2003 1230 2047 Licinius
1261 2001 1491 2046 revivisce·

235 2090 323 2134 ret,
342 2077 381 2123 Sc
399 2079 643 2139 corrigeret
658 2078 773 2121 hanc
795 2076 1049 2121 amentiam
1069 2073 1488 2133 ‚tectoriorumque

234 2151 429 2194 errantia
470 2149 709 2194 instituta!
750 2147 841 2192 Sed
885 2165 1027 2207 quare
1060 2148 1213 2192 vincat
1249 2147 1497 2193 veritatem?

231 2219 349 2265 ratio
389 2219 517 2274 falsa,
572 2235 668 2262 non
706 2220 786 2262 erit
823 2220 1026 2263 alienum
1055 2234 1301 2278 exponere.
1340 2215 1486 2283 Quod

232 2291 359 2335 enim
384 2290 567 2350 antiqui
599 2291 880 2336 insumentes
906 2293 1108 2336 laborem
1132 2291 1171 2335 8c
1191 2290 1455 2335 industriam
1473 2321 1488 2343 ,

229 2363 429 2422 probare
461 2363 806 2407 contendebant
836 2365 1035 2425 artibus,
1087 2364 1133 2408 id
1162 2379 1290 2408 nunc
1322 2362 1485 2406 colori-

228 2433 319 2485 bus
354 2433 395 2480 Sc
428 2451 591 2479 eorum
618 2435 812 2497 eleganti
848 2435 996 2494 specie
1027 2435 1396 2495 consequuntut3
1441 2432 1480 2475 ἅτ
