1600 2902
386 146 1018 191 COMPENDIUM.
1266 157 1342 199 34¹

75 261 128 289 co
150 248 179 287 fi
208 247 341 287 focum
366 245 510 286 feceris
527 277 540 294 ‚
572 246 614 286 &
638 256 834 300 vaporata
858 256 964 285 terra
981 243 1192 284 humidum
1214 243 1342 286 nebu·

74 307 280 360 lot-“umque
307 305 458 346 fumum
501 305 774 352 suscitaverit,
811 305 984 344 ostendit
1022 303 1158 344 locum
1194 316 1340 357 aquam

74 369 231 409 habere.
262 368 365 408 Cum
392 368 492 408 haec
529 368 585 408 ita
616 367 765 408 fuerint
793 378 950 419 reperta
979 367 1099 406 certis
1129 365 1264 418 signis,
1297 367 1341 406 in

71 429 317 470 altitudinem
358 431 466 484 putei
502 430 732 471 defodiendi
774 442 924 477 erunt,
962 441 1177 483 quousque
1216 439 1342 483 caput·

69 503 198 544 aquae
217 494 447 533 inveniatur
457 508 470 543 ;
496 506 566 533 aut
582 525 593 542 ‚
628 493 654 532 fi
681 493 793 547 plura
818 491 991 540 fuerint,
1030 493 1070 531 in
1095 505 1219 532 unum
1250 492 1339 532 col-

69 550 254 606 ligantur.
286 555 462 595 Maxime
486 567 621 595 tamen·
650 554 720 594 sub
752 554 951 594 radicibus
972 555 1168 594 montium
1183 584 1196 602 ‚
1219 554 1257 593 in
1281 565 1341 593 re-

69 615 192 666 gione
219 614 554 667 septemtrionali,
604 615 708 668 {lgna
735 627 863 667 aquae
891 614 980 654 sunt
1008 614 1247 667 quaerenda.
1293 613 1342 653 In

70 675 132 715 his
162 680 267 717 enim
294 678 393 718 locis
426 677 570 717 suaves
599 678 640 717 δι
665 676 836 716 salubres
865 677 906 716 &
938 676 1252 716 abundantiores
1278 676 1341 715 in-

67 741 311 791 veniuntur3
341 741 501 794 quando
530 753 694 781 naturae
722 739 920 779 beneficio
941 752 963 778 a
1000 739 1093 779 solis
1127 739 1247 779 cursu
1279 737 1340 778 se—

68 814 277 854 parantur,
305 803 346 843 &
373 803 560 843 arborum
595 813 663 842 aut
686 802 882 840 montium
908 801 1058 840 umbris
1082 801 1242 839 velatae
1270 799 1340 838 fri-

67 865 157 919 gida
171 866 293 920 gratia
312 866 457 906 aestate
474 896 487 914 ‚
505 865 673 905 hiberno
697 864 829 918 tepida
847 862 1042 904 suavitate
1055 893 1067 913 ,
1090 862 1339 917 perfluerint.

648 989 666 1028 I
695 989 746 1028 V.

277 1077 336 1116 De
352 1089 528 1130 puteorum
544 1075 750 1130 foffionibus
775 1075 809 1114 δ’
827 1076 1020 1129 struHurz's.

120 1165 164 1204 In
192 1177 405 1219 puteorum
435 1179 568 1207 autem
602 1165 836 1207 foffionibus
864 1167 1074 1219 diligenter
1100 1166 1155 1206 est
1186 1178 1338 1206 caven-

66 1226 187 1274 dum,
210 1239 258 1266 ne
288 1226 531 1267 fodientibus
557 1229 777 1281 periculum
810 1229 900 1276 fiat,
932 1229 1120 1281 quoniam
1152 1243 1201 1268 ex
1231 1241 1336 1268 terra

65 1286 248 1341 sulphur,
264 1289 419 1329 alumen
434 1320 445 1338 ,
468 1290 508 1329 &
532 1289 718 1330 bitumen
730 1290 930 1338 nascitur3
959 1302 1062 1342 quae
1080 1303 1164 1338 res,
1186 1303 1274 1330 cum
1296 1291 1338 1329 in

63 1349 104 1390 se
133 1352 422 1400 convenerint,
458 1352 665 1406 pestiferos
695 1352 854 1406 spiritus
887 1353 1100 1395 emittunt:
1134 1354 1175 1393 &
1206 1355 1336 1406 primo

64 1412 277 1465 occupatis
293 1413 455 1453 naribus
479 1426 586 1453 tetro
607 1414 732 1453 odore
760 1415 982 1467 reprimunt
1005 1415 1154 1453 animas
1184 1426 1337 1467 corpe»

62 1474 197 1523 rib1153
235 1476 302 1524 δε,
331 1475 356 1514 fi
381 1489 462 1516 non
490 1478 581 1517 inde
608 1478 693 1517 cito
724 1476 916 1529 fugerint,
954 1476 1124 1516 celerius
1155 1476 1339 1515 moriun-

61 1547 139 1576 tur.
173 1537 264 1576 Hoc
286 1549 417 1577 autem
440 1538 584 1577 malum
602 1568 616 1586 ‚
638 1538 869 1590 ubicunque
898 1537 1046 1584 fuerit,
1080 1537 1154 1575 hac
1181 1538 1338 1576 ratione

60 1598 216 1638 vitabis.
247 1597 430 1638 Lucerna
445 1598 610 1638 accensa
627 1600 673 1639 in,
688 1611 780 1638 eum
807 1599 940 1639 locum
957 1598 1212 1637 demittatur:
1233 1611 1337 1651 quae

59 1658 87 1698 fi
112 1660 254 1699 ardens
286 1660 545 1708 remanserit,
572 1659 648 1700 sine
675 1660 858 1714 periculo
884 1659 1100 1702 descendis.
1150 1661 1282 1711 Quod
1308 1659 1336 1699 fi

61 1732 244 1774 ereptum
275 1723 311 1761 ei
335 1722 466 1761 lumen
493 1722 641 1770 fuerit,
676 1722 900 1761 cavendum
922 1723 997 1760 erit
1022 1734 1073 1761 ne
1095 1722 1136 1761 in
1161 1736 1251 1762 eum
1270 1723 1336 1763 lo-

61 1794 151 1822 cum
170 1783 442 1824 descendatur.
473 1784 551 1823 Sed
571 1784 600 1824 si
626 1785 702 1822 alio
722 1784 814 1822 loco
844 1796 947 1835 aqua
978 1797 1060 1823 non
1080 1785 1334 1836 invenietur,

61 1845 198 1884 dextra
227 1858 272 1884 ac
297 1845 444 1885 sinistra
466 1858 593 1898 usque
613 1846 660 1885 ad
681 1846 958 1885 libramentum
978 1859 1104 1899 aquae
1129 1848 1238 1900 putei
1269 1847 1337 1887 fo-

60 1907 243 1956 diantur3
275 1909 314 1947 δι
342 1921 413 1960 per
432 1907 644 1948 fraer-„tram
672 1906 867 1947 foramina
898 1908 1003 1961 quast
1028 1921 1142 1951 nates
1162 1912 1271 1949 intus
1292 1911 1332 1949 in

60 1980 226 2022 puteum
257 1970 549 2017 demittantur,
587 1983 667 2023 qua
708 1970 883 2008 nocivus
915 1970 1075 2016 spiritus
1118 1983 1330 2023 evaporet.

62 2028 135 2068 Sed
160 2043 249 2069 cum
275 2045 380 2085 aqua
412 2033 578 2071 inventa
611 2031 757 2080 fuerit,
795 2031 954 2083 signinis
985 2032 1175 2085 operibus
1198 2034 1332 2086 parie-

63 2101 122 2129 tes
150 2091 350 2132 struantur
375 2095 428 2133 ita
455 2106 505 2132 ne
538 2106 730 2133 venarum
758 2095 887 2146 capita
915 2095 1192 2133 excludantur.
1225 2095 1268 2133 ln
1292 2094 1333 2132 {i-

60 2153 189 2205 gninis
211 2167 342 2193 autem
372 2156 556 2207 operibus
587 2156 684 2196 haec
711 2155 867 2197 servare
900 2157 1074 2195 debebis.
1131 2157 1259 2195 Primo
1287 2168 1332 2196 ut

60 2227 178 2253 arena
207 2216 342 2269 aspera
365 2230 548 2269 paretur,
575 2219 614 2259 &
640 2231 892 2259 caementum
912 2220 961 2258 de
983 2218 1084 2259 silice
1110 2219 1174 2257 vel
1202 2219 1329 2273 lapide

62 2276 199 2316 tuficio
216 2278 413 2331 calcisque
441 2281 621 2332 proxime
649 2282 860 2323 exstinctae
883 2281 985 2320 duae
1005 2293 1136 2334 partes
1156 2282 1201 2320 ad
1215 2282 1330 2333 quin-

59 2352 139 2390 que
167 2353 310 2379 arenae
343 2343 534 2384 mortario
568 2344 814 2385 misceantur.
864 2345 1032 2383 Puteum
1063 2357 1160 2397 ergo
1191 2344 1328 2384 fodere

59 2400 220 2442 debebis
245 2403 367 2443 latum
388 2405 554 2458 pedibus
580 2407 693 2457 otto,
722 2419 765 2448 ut
795 2421 816 2446 a
842 2408 943 2447 binis
971 2407 1134 2461 pedibus
1162 2407 1328 2449 strueiu-

993 2468 1029 2508 Y
1058 2483 1083 2517 4
