1600 2902
272 147 362 210 318
513 143 579 190 Μ.
614 143 907 192 v1TRuv11
938 143 1282 194 PoLmoMs

270 265 331 297 te.
357 252 585 296 Foramen
603 262 760 297 autem
782 251 1033 314 oblongius
1056 254 1109 296 fit
1131 265 1260 299 tanto
1274 287 1287 308 ,
1304 248 1528 314 quantam

272 324 463 385 epischis
492 325 632 370 habet
661 325 1018 370 craffitudinem.
1057 327 1180 370 Cum
1211 327 1527 372 deformatum

269 399 438 453 fuerit,
477 399 653 443 circum
686 398 975 461 laevigentur
1007 410 1244 456 extrema,
1275 412 1326 445 ut
1361 402 1527 445 habeat

271 485 564 517 curvaturam
598 473 803 516 molliter
838 470 1164 519 circumafitam
1201 474 1252 532 >i<
1285 475 1526 519 crassitudo

270 544 366 589 eius
393 544 628 589 foraminis
666 556 685 587 S
703 555 740 587 Γ.
767 545 1105 592 constituantur
1131 547 1328 592 modioli
1350 547 1528 591 forami-

267 633 387 662 num
424 630 467 661 11
511 629 584 667 —3-.
617 618 818 663 latitudo
849 631 864 662 1
885 630 946 678 59
1132 619 1369 664 crassitudo
1398 635 1529 678 prae-

268 701 483 749 terquam
507 690 640 749 quod
669 690 716 733 in
738 690 966 735 foramine
985 689 1164 736 inditur
1188 690 1421 734 foraminis
1450 702 1470 733 S
1494 703 1525 734 1-

268 764 329 807 ad
355 775 619 808 extremum
659 775 816 808 autem
852 764 1052 808 latitudo
1082 763 1316 809 foraminis
1344 772 1407 808 lr.
1450 780 1529 823 pa-

267 839 529 884 rastatarum
565 837 813 899 longitudo
848 837 1133 882 foraminum
1165 850 1264 883 VSF.
1287 849 1531 883 curvatura

267 910 503 955 foraminis
521 927 619 970 pars
645 910 861 964 dimidia,
903 910 1144 954 craffitudo
1166 910 1398 955 foraminis
1425 921 1472 953 U.
1492 909 1532 953 Sc

267 983 404 1043 partis
430 997 506 1028 LX.
540 982 770 1027 Adlicitur
804 994 962 1027 autem
1001 981 1059 1026 ad
1090 983 1293 1027 mediam
1320 980 1531 1026 latitudi-

267 1072 380 1101 nem
397 1091 409 1111 ,
432 1068 665 1114 quantum
696 1056 757 1099 est
777 1072 926 1115 prope
953 1054 1161 1099 foramen
1186 1052 1359 1100 fadium
1381 1055 1429 1099 in
1450 1054 1531 1098 de-

268 1127 540 1186 scriptione,
562 1126 809 1171 latitudine
828 1126 868 1171 85
889 1126 1181 1170 craffitudine
1212 1127 1449 1172 foraminis
1480 1139 1529 1172 V.

269 1199 468 1244 altitudo
491 1210 622 1278 parte
641 1212 727 1242 ΠΗ.
753 1199 937 1260 regulae
951 1233 962 1253 ,
981 1215 1101 1258 quae
1118 1200 1179 1243 est
1196 1199 1244 1244 in
1265 1199 1418 1244 mensa
1434 1201 1531 1243 lon·

267 1271 477 1332 gitudo‘
462 1271 745 1315 ioraminum
765 1271 1119 1316 v111.Latitudo
1137 1272 1177 1317 Sc
1201 1272 1442 1316 crassitudo
1465 1271 1531 1315 di·

267 1342 469 1386 midium
502 1342 738 1386 foraminis
760 1342 985 1398 cardinis,
1022 1357 1059 1388 Π
1081 1357 1104 1388 Ζ
1200 1345 1210 1403 ξ
1242 1343 1524 1403 fcraffitudo

266 1412 503 1457 foraminis
545 1427 562 1457 Ι
586 1429 643 1473 99
681 1414 731 1471 >ξ<
768 1425 1012 1460 curvatura
1047 1394 1252 1479 regulae·
1261 1428 1300 1461 Γ.
1320 1434 1342 1473 5
1369 1431 1414 1461 K.
1448 1432 1527 1461 ex-

266 1485 445 1529 terioris
485 1488 670 1546 regulae
718 1486 920 1530 latitudo
964 1487 1005 1532 Sc
1044 1488 1286 1532 crassitudo
1332 1499 1527 1534 tantun-

267 1555 408 1611 dem,
439 1556 693 1618 longitudo
729 1572 871 1614 quarn
905 1556 1084 1602 dederit
1112 1559 1204 1618 ipsa
1239 1559 1417 1605 versura
1446 1560 1528 1605 de-

265 1626 557 1671 formationis
586 1627 626 1672 Sc
648 1627 893 1686 parastatae
914 1627 1143 1684 latitudo,
1173 1629 1231 1673 ad
1260 1630 1388 1674 suam
1424 1647 1528 1676 cur-

264 1709 478 1743 vaturam
519 1711 561 1742 K.
598 1697 866 1757 Superiores
902 1709 1062 1743 autern
1098 1702 1283 1762 regulae
1314 1704 1529 1761 aequales

269 1782 406 1816 erunt
425 1771 720 1816 inferioribus
747 1785 791 1815 K.
816 1772 998 1816 mensae
1017 1773 1315 1817 transversarii
1337 1774 1528 1819 forami-

266 1845 334 1887 nis
361 1856 494 1888 UUK.
528 1843 790 1888 climacidos
811 1844 931 1904 scapi
961 1845 1212 1907 longitudo
1239 1846 1525 1893 foraminum

265 1930 389 1961 XIII·
468 1917 479 1954 ἶ
533 1918 775 1962 craffitudo
797 1932 915 1962 111K.
951 1918 1256 1964 Intervallum
1285 1920 1527 1976 medium,

267 1990 470 2034 latitudo
508 1988 744 2033 foraminis
782 2006 839 2034 ex
865 2000 992 2050 parte
1019 2001 1178 2049 quarta
1202 1992 1253 2049 >ξ<
1283 1991 1528 2036 crassitudo

265 2079 366 2123 pars
387 2059 544 2107 odiava
585 2077 626 2107 K.
662 2062 932 2107 climacidos
966 2062 1208 2121 superioris
1243 2079 1368 2122 pars,
1407 2079 1526 2122 quae

269 2137 332 2182 est
359 2136 574 2197 proxima
609 2135 830 2190 brachiis,
863 2151 985 2194 quae
1018 2132 1267 2180 coniunfia
1298 2136 1359 2180 est
1391 2153 1526 2181 men-

265 2211 358 2266 sae,
388 2221 487 2255 tota
518 2209 815 2271 longitudine
850 2208 1083 2252 dividatur
1116 2209 1164 2253 in
1196 2220 1345 2269 partes
1383 2211 1526 2269 quin·

269 2298 374 2341 que.
422 2281 491 2325 Ex
524 2281 590 2324 his
634 2281 808 2325 dentur
847 2280 966 2324 duae
1004 2293 1151 2340 partes
1198 2282 1239 2326 ei
1278 2283 1524 2337 membro,

268 2354 402 2413 quod
429 2354 588 2398 Graeci
618 2361 741 2412 χηλὸν
778 2365 948 2398 vocant
981 2355 1033 2412 >k
1072 2354 1272 2398 latitudo
1310 2364 1349 2395 Γ.
1385 2354 1526 2397 craffi-

267 2426 386 2470 tudo
413 2442 439 2486 9
471 2427 522 2483 >k
546 2426 796 2489 longitudo
824 2425 1107 2471 foraminum
1146 2440 1216 2471 ΙΙΙ.
1255 2426 1296 2472 Sc
1322 2423 1453 2472 semis
1478 2437 1524 2470 Κ.
