1600 2902
242 144 334 192 29²·
486 123 556 169 M.
591 122 882 170 VITRUVII
917 123 1257 174 POLLIONIS

238 234 281 281 8c
310 230 680 276 crassitudinibus
709 230 793 276 erit
819 230 1078 276 utendum:
1119 233 1160 278 ἃ
1183 233 1345 280 eadem
1364 234 1505 280 ratio-

238 322 301 352 ne
321 307 369 350 in
404 304 588 350 summo
617 304 975 350 fibulationibus
995 339 1007 361 ,
1036 306 1086 350 in
1113 307 1209 353 imo
1233 309 1499 354 sucularum

236 378 575 424 versationibus
598 378 976 437 expediundum.
1014 379 1096 423 His
1126 381 1386 440 explicatis,
1417 398 1499 426 an-

235 451 336 497 tarii
368 451 500 495 funes
529 461 637 495 ante
667 450 761 494 laxi
791 451 1111 506 collocentur,
1145 451 1393 499 retinacula
1429 453 1501 499 su·

232 541 316 587 pra
342 524 542 583 scapulas
577 521 819 566 machinae
856 521 992 584 longe
1027 522 1361 582 disponantur:
1399 525 1441 571 86
1466 525 1497 570 sl

233 614 334 644 non
369 597 453 642 erit
495 594 579 641 ubi
621 594 900 656 religentur,
945 594 1036 653 pali
1073 593 1323 654 resupinati
1364 596 1499 642 defo-

233 669 448 722 diantur,
480 666 521 712 &
557 665 732 710 circum
762 664 1051 710 fistucatione
1078 665 1362 723 solidentur,
1397 683 1497 727 quo

230 741 366 787 funes
393 740 650 802 alligentur.
685 738 916 783 Trochlea
944 738 991 782 in
1015 737 1201 783 summo
1232 739 1382 799 capite
1402 757 1499 786 ma-

229 815 395 861 chinae
421 811 612 857 rudenti
647 811 966 867 contineatur,
995 811 1036 857 86
1068 827 1125 856 ex
1156 827 1212 857 eo
1243 811 1378 857 funes
1396 829 1498 873 per-

231 887 465 932 ducantur
488 885 544 930 ad
564 886 726 945 palum
747 919 760 940 ,
795 883 835 929 86
857 900 978 944 quae
1008 884 1070 928 est
1089 884 1136 928 in
1155 886 1264 944 palo
1291 886 1498 932 trochlea

226 959 424 1022 illigata,
465 958 580 1002 circa
615 956 710 1001 eius
737 957 1007 1002 orbiculum
1038 954 1162 1000 funis
1194 956 1384 1001 indatur
1406 991 1419 1013 ,
1454 958 1498 1004 86

228 1033 452 1080 referatur
481 1031 541 1076 ad
576 1048 677 1076 eam
703 1032 958 1076 trochleam
978 1066 991 1086 ,
1020 1047 1141 1090 quae
1159 1031 1244 1076 erit
1267 1032 1326 1076 ad
1353 1044 1496 1092 caput

226 1105 468 1152 machinae
493 1105 692 1166 religata.
727 1104 914 1149 Circum
944 1115 1099 1148 autem
1136 1105 1404 1150 orbiculum
1435 1105 1496 1150 ab

226 1179 416 1224 summo
451 1173 662 1221 traieffiius
699 1175 821 1221 funis
857 1176 1139 1232 descendat,
1178 1177 1218 1221 8c
1248 1177 1405 1223 redeat
1436 1177 1495 1222 ad

226 1253 465 1306 suculam,
501 1266 622 1309 quae
650 1250 711 1294 est
753 1250 802 1294 in
828 1249 921 1293 ima
954 1250 1192 1305 machina,
1230 1251 1393 1310 ibique
1424 1267 1496 1296 re-

227 1324 414 1387 ligetur.
464 1318 691 1368 VeCiibus
723 1333 885 1367 autem
915 1320 1072 1368 coacta
1107 1322 1264 1368 sucula
1298 1323 1495 1368 versabi-

227 1408 338 1453 tur,
388 1396 429 1440 86
464 1395 607 1457 eriget
641 1412 724 1454 per
756 1396 798 1440 se
830 1397 1093 1441 machinam
1129 1397 1222 1442 fille
1255 1398 1489 1456 periculo:

227 1468 292 1512 ita
327 1469 443 1512 circa
466 1467 690 1526 dispositis
712 1467 932 1524 funibus,
956 1470 996 1514 86
1024 1470 1286 1514 retinaculis
1311 1469 1357 1512 in
1379 1470 1494 1529 palis

228 1540 552 1594 haerentibus,
599 1541 825 1600 ampliore
867 1542 1013 1586 modo
1045 1543 1258 1587 machina
1291 1545 1493 1589 colloca·-

227 1613 372 1660 bitur.
420 1612 678 1657 Trochleae
718 1613 760 1659 8c
801 1611 994 1659 ducstarii
1036 1614 1196 1672 funes,
1249 1616 1318 1660 uti
1357 1616 1493 1677 supra

229 1685 454 1745 scriptum
488 1683 579 1740 est,
615 1685 951 1745 expediuntur.

629 1802 924 1850 CAPUT
991 1805 1092 1851 IV.

229 1890 616 1955 Similissuperiori
632 1894 846 1941 machina,
870 1896 939 1938 cui
953 1895 1226 1955 colqfficotera
1243 1896 1375 1940 tutius
1394 1913 1494 1941 com-

323 1967 439 2009 mitti
450 1965 639 2028 pcffunc,
677 1968 905 2011 immutata
930 1968 1159 2012 dumtaxat
1164 1968 1326 2028 sucula
1350 1970 1392 2014 in

735 2050 987 2102 tympanum.

292 2122 376 2170 Sin
399 2137 558 2171 autem
581 2126 891 2171 colossicotera
909 2126 1301 2186 amplitudinibus
1321 2127 1362 2173 8c
1380 2143 1493 2188 pou·

223 2194 415 2241 deribus
443 2214 583 2242 onera
614 2197 662 2242 in
691 2197 909 2257 operibus
942 2197 1144 2254 fuerint,
1172 2214 1273 2244 non
1303 2199 1387 2243 erit
1420 2200 1492 2242 su·-

223 2270 355 2313 culae
386 2269 816 2324 committendum,
860 2270 938 2314 sed
969 2270 1377 2329 quemadmodum
1414 2270 1491 2313 su·-

223 2344 326 2386 cula
351 2344 574 2387 cheloniis
603 2344 864 2397 retinetur,
902 2344 963 2388 ita
980 2343 1072 2388 axis
1092 2342 1357 2388 includatur
1373 2375 1385 2396 ‚
1412 2343 1491 2386 ha-

224 2414 341 2461 bens
369 2417 418 2462 in
450 2417 611 2462 medio
634 2428 918 2479 tympanum
940 2417 1157 2477 amplum
1177 2449 1190 2474 ,
1211 2415 1345 2476 quod
1369 2430 1493 2459 non-
