1600 2902
289 195 381 256 236
533 191 599 236 M.
634 191 679 236 V
683 190 926 237 ITRUVII
958 192 1295 240 POLLIONIS

286 313 423 352 nere,
458 297 592 356 quod
615 296 676 341 est
700 296 821 341 inter
845 295 1025 341 Mazaca
1049 296 1089 341 8(
1114 297 1279 343 Tuana
1307 297 1431 342 lacus
1450 311 1551 341 am-

285 371 420 430 plus,
458 370 676 428 in‘quem
711 370 866 413 lacum
892 360 993 428 pars
1026 368 1117 413 five
1149 368 1386 415 arundinis
1407 404 1420 425 ,
1458 369 1550 414 slve

287 443 363 486 alii
394 443 571 506 generis
608 443 639 486 s1
674 441 859 486 demissa
888 441 1027 486 fuerit
1045 475 1058 498 ‚
1094 441 1134 488 8c
1157 444 1338 502 postero
1364 442 1439 487 die
1468 459 1552 487 ex-

288 526 475 574 empta,
513 532 565 560 ea
583 531 708 576 pars,
749 531 870 574 quae
895 514 1035 559 fuerit
1060 527 1303 574 exempta,
1339 515 1552 561 invenie-

286 600 366 633 tur
398 589 605 649 lapidea3
641 606 763 649 quae
783 600 942 634 autem
964 606 1067 649 pars
1087 600 1215 633 extra
1233 605 1401 649 aquam
1424 605 1553 634 man-

283 662 390 707 serit
412 696 423 716 ,
454 672 700 721 permanet
726 661 775 705 in
806 661 882 706 sua
911 660 1211 721 proprietate.
1245 660 1320 706 Ad
1345 661 1553 706 eundem

286 736 491 780 modum
525 734 765 795 Hierapoli
799 735 1028 797 Phrygiae
1060 734 1252 780 effervet
1277 753 1424 795 aquae
1449 735 1557 780 cali-

288 809 378 854 dae
404 808 666 854 multitudo
685 842 697 864 ,
731 825 790 853 ex
828 825 922 867 qua
951 809 1127 855 circum
1150 808 1310 853 hortos
1333 808 1373 853 Sc
1399 809 1555 852 vineas

286 882 408 927 fossis
447 878 596 926 ductis
639 882 926 926 immittitur.
986 880 1115 925 Haec
1159 892 1318 925 autem
1364 879 1557 924 efficitur

287 954 390 1015 post
418 971 596 999 annum
625 954 770 999 crusta
797 953 982 1014 lapidea
998 987 1010 1010 ‚
1033 953 1073 999 8c
1094 954 1156 998 ita
1177 953 1429 1013 quotannis
1449 953 1560 998 dex·

286 1039 357 1072 tra
383 1043 432 1071 ac
464 1026 633 1071 sinistra
660 1026 888 1089 margines
919 1042 979 1070 ex
1011 1036 1127 1070 terra
1157 1025 1374 1070 faciendo
1411 1025 1558 1071 indu-

287 1113 405 1146 cunt
433 1116 563 1155 eam,
602 1098 642 1144 8c
670 1100 878 1144 efficiunt
907 1100 976 1143 his
1012 1099 1166 1144 crustis
1192 1099 1241 1143 in
1274 1098 1385 1160 agris
1418 1097 1560 1159 septa.

287 1173 398 1219 Hoc
428 1184 590 1218 autem
621 1174 684 1216 ita
715 1172 903 1218 videtur
938 1172 1209 1217 naturaliter
1250 1171 1373 1225 fieri,
1422 1169 1559 1229 quod

288 1247 340 1291 in
379 1246 446 1290 his
476 1245 586 1289 locis
609 1244 650 1291 Sc
684 1260 735 1288 ea
764 1255 908 1300 terra,
944 1243 1120 1303 quibus
1153 1244 1187 1288 is
1224 1243 1422 1289 nascitur
1454 1242 1558 1287 suc-

291 1334 371 1363 cus
391 1352 402 1373 ‚
436 1317 586 1363 subest
613 1315 794 1379 coaguli
819 1327 1009 1360 naturae
1031 1312 1195 1358 similis.
1238 1314 1425 1359 Deinde
1447 1329 1558 1359 cum

289 1390 551 1435 commixta
580 1390 646 1434 vis
671 1388 904 1452 egreditur
924 1404 1006 1448 per
1026 1387 1179 1432 fontes
1206 1399 1335 1434 extra
1355 1400 1525 1434 terram
1540 1419 1558 1443 ‚

288 1481 315 1508 a
341 1463 442 1508 solis
474 1464 514 1509 Sc
533 1465 642 1508 aeris
668 1464 818 1507 calore
846 1462 1028 1524 cogitur
1049 1463 1306 1524 congelari,
1338 1474 1391 1507 ut
1412 1462 1553 1508 etiam

289 1537 338 1580 in
369 1537 479 1580 areis
518 1536 732 1580 salinariis
768 1534 969 1579 videtur.
1006 1534 1127 1578 Item
1164 1533 1273 1578 sunt
1313 1550 1369 1579 ex
1400 1550 1559 1578 amaro

288 1608 425 1664 succo
448 1622 589 1653 terrae
626 1608 777 1651 fontes
805 1617 1029 1651 exeuntes
1058 1607 1362 1651 vehementer
1387 1606 1559 1661 amari,

290 1682 427 1734 ut-in
462 1683 615 1726 Ponto
654 1681 716 1725 est
753 1678 933 1724 flumen
965 1680 1204 1740 Hypanis,
1240 1681 1322 1739 qui
1351 1697 1374 1724 a
1404 1681 1558 1740 capite

292 1754 489 1816 profluit
531 1753 708 1798 circiter
740 1752 883 1797 millia
919 1752 1222 1815 quadraginta
1260 1753 1418 1812 sapore
1456 1753 1559 1797 dul-

294 1828 492 1881 ciffirn03
539 1818 707 1871 ⁴deinde
748 1842 857 1871 cum
895 1826 1110 1885 pervenit
1150 1826 1211 1871 ad
1250 1828 1439 1882 locum,
1475 1826 1559 1885 qui

295 1902 357 1946 est
383 1901 443 1944 ab
471 1900 582 1944 ostio
615 1898 673 1942 ad
709 1897 850 1942 millia
887 1909 1079 1942 centum
1112 1897 1372 1960 sexaginta,
1409 1895 1559 1940 admic-

294 1973 443 2018 scetur
476 1973 515 2017 ei
548 1971 800 2016 fonticulus
832 1971 1011 2030 oppido
1045 1987 1189 2030 quam
1229 1969 1464 2031 parvulus.
1515 1969 1558 2013 Is

294 2061 407 2089 cum
451 2045 498 2088 in
532 2062 640 2089 eum
677 2043 857 2099 influit,
904 2056 1020 2090 tunc
1051 2056 1229 2090 tantam
1272 2041 1557 2105 magnitudi-

296 2131 408 2160 nem
445 2115 652 2160 fiuminis
684 2114 792 2159 facit
824 2131 1040 2160 amaram.
1073 2115 1217 2170 Ideo,
1245 2114 1377 2175 quod
1396 2129 1478 2173 per
1507 2111 1559 2157 id

294 2202 439 2249 genus
473 2197 616 2230 terrae
648 2184 688 2229 Sc
711 2200 869 2240 venas5
906 2186 1034 2230 unde
1072 2187 1314 2230 sandaraca
1349 2185 1556 2238 foditur,

297 2275 348 2302 ea
380 2274 500 2316 aqua
523 2257 760 2301 manando
788 2257 1025 2316 perficitur
1053 2274 1216 2302 amara.
1246 2257 1372 2301 Haec
1391 2267 1551 2301 autern

299 2331 592 2376 dissimilibus
624 2331 862 2391 saporibus
892 2349 916 2376 a
940 2343 1083 2376 tetrae
1113 2331 1395 2392 proprietate
1423 2328 1558 2388 perfi-

295 2408 486 2451 ciuntur
503 2440 516 2462 ‚
537 2407 607 2454 uti
635 2407 773 2451 etiam
795 2405 843 2450 in
874 2403 1104 2451 frufflibus
1130 2405 1331 2450 videtur.
1365 2401 1558 2446 sienim

297 2480 470 2527 radices
513 2480 766 2537 arborum,
806 2490 887 2526 aut
922 2479 1121 2538 vitium,
1153 2490 1235 2525 aut
1268 2474 1560 2536 reliquorum
