1600 2902
257 202 319 249 74
503 183 569 229 M.
604 181 896 229 VITRUVII
929 181 1269 229 POLLIONIS

255 293 373 339 bent
401 290 628 352 rigorem,
668 288 746 333 sed
767 289 975 334 celeriter
1003 290 1237 349 pandant:
1276 287 1411 334 fimul
1439 304 1523 334 au*-

255 378 354 410 tem
388 364 612 408 vetustate
662 362 768 407 sunt
810 361 962 407 aridae
994 358 1160 419 fafiae,
1202 376 1284 407 aut
1317 362 1364 407 in
1409 378 1522 424 agro

254 434 515 498 persec‘iae,
565 435 648 495 qui
688 434 799 480 inest
830 435 888 478 eis
920 433 1077 493 liquor
1110 434 1353 488 Prandium,
1391 449 1525 477 emo-

258 508 373 553 ritnr
397 542 410 563 ‚
454 508 671 565 fiuntque
706 505 939 559 duriores,
977 505 1018 549 ἃ
1057 504 1106 548 in
1147 502 1446 549 commiffuris
1481 501 1523 547 Sc

255 583 305 627 in
343 578 826 643 coagmentationibus
868 578 927 622 ab
968 576 1252 623 lentitudine
1274 577 1423 621 firmas
1453 590 1526 620 re·-

258 655 441 714 cipiunt
467 652 792 698 catenationes.
833 652 954 696 Item
996 650 1254 710 Carpinus,
1294 648 1428 709 quod
1459 647 1522 692 est

258 727 456 773 minima
490 726 607 788 ignis
641 726 681 771 Sc
718 725 886 770 terreni
924 724 1186 780 mixtione,
1227 722 1334 768 aeris
1363 732 1524 766 autem

259 800 300 846 Sc
333 800 543 844 humoris
570 799 749 844 summa
773 798 1047 842 continetur
1064 806 1399 856 temperatura,
1426 808 1524 838 non

261 875 322 919 est
346 874 538 936 fragili5‚
559 872 637 918 sed
659 872 800 917 habet
832 872 1110 916 utilissimam
1136 867 1521 916 trafflabilitatem.

261 949 425 1008 Itaque
456 948 643 1003 Graeci,
675 946 809 1006 quod
843 963 901 991 ex
921 963 971 991 ea
992 945 1179 990 materia
1208 945 1313 1006 iuga
1335 943 1525 987 iumen-

261 1024 315 1068 tis
348 1033 646 1083 comparant,
695 1021 831 1080 quod
864 1019 991 1080 apud
1022 1036 1098 1064 eos
1129 1019 1233 1080 iuga
1269 1022 1379 1078 ζυγὰ
1402 1016 1528 1060 voci-

261 1107 446 1150 tantur,
484 1095 596 1139 item
626 1093 665 1138 gc
697 1110 799 1138 eam
831 1094 993 1149 ζυγείαν
1023 1093 1273 1151 appellant.
1302 1093 1413 1136 Non
1442 1091 1528 1135 rni-

263 1181 353 1212 nus
384 1164 446 1209 est
468 1162 802 1208 admirandum
831 1161 889 1204 de
919 1160 1131 1220 cupreffu
1156 1161 1196 1206 8<
1220 1162 1365 1220 pinu,
1391 1159 1525 1220 quod

266 1254 343 1282 eae
377 1237 603 1282 habentes
643 1234 852 1279 humoris
888 1233 1260 1287 abundantiam,
1303 1249 1529 1293 aequam-

265 1326 361 1370 que
379 1322 642 1355 ceterorum
664 1307 941 1352 mixti-onem
964 1340 976 1361 ‚
1011 1317 1203 1366 propter
1235 1305 1442 1351 humoris
1466 1305 1533 1350 fa-

265 1383 477 1427 tietatem
512 1383 561 1426 in
594 1379 813 1440 operibus
842 1379 991 1424 solent
1025 1377 1108 1424 effe
1132 1378 1335 1439 pandae3
1367 1378 1445 1422 sed
1477 1377 1528 1422 in

264 1454 537 1499 vetustatem
571 1453 662 1497 fine
685 1452 807 1497 vitiis
839 1451 1201 1507 conservantur,
1240 1451 1373 1510 quod
1411 1450 1449 1494 is
1473 1450 1530 1493 Ii-

266 1544 422 1586 quor,
466 1527 550 1584 qui
580 1525 692 1569 inest
724 1524 910 1584 penitus
946 1524 994 1567 in
1036 1521 1307 1582 corporibus
1335 1537 1493 1565 earum
1514 1553 1529 1576 ‚

268 1602 412 1646 habet
445 1615 654 1643 amarum
686 1598 926 1658 saporem,
960 1596 1044 1656 qui
1081 1605 1272 1656 propter
1311 1593 1533 1639 acritudi-

269 1691 379 1719 nem
420 1688 518 1717 non
548 1671 721 1731 patitur
745 1682 988 1730 penetrare
1026 1669 1194 1714 cariem
1215 1702 1227 1724 ‚
1273 1684 1430 1728 neque
1461 1683 1531 1712 eas

273 1745 513 1798 bestiolas⁷
545 1758 666 1802 quae
686 1743 792 1787 sunt
819 1753 1052 1787 nocentes.
1085 1740 1297 1800 Ideoque
1327 1756 1447 1800 quae
1471 1755 1530 1784 ex

268 1819 337 1863 his
368 1817 612 1881 generibus
645 1832 783 1875 opera
834 1814 1212 1869 constituuntur,
1257 1823 1534 1873 permanent

272 1891 332 1937 ad
361 1903 597 1934 aeternam
629 1888 1000 1934 diuturnitatem.
1029 1888 1146 1932 Item
1170 1887 1330 1932 cedrus
1351 1886 1391 1932 Sc
1421 1886 1535 1931 iuni·

271 1979 408 2025 perus
445 1961 625 2006 easdem
657 1961 832 2005 habent
859 1961 1052 2006 virtutes
1088 1961 1129 2007 Sc
1166 1960 1417 2009 utilitate-53
1455 1959 1533 2005 sed

275 2035 688 2098 quemadmodum
723 2050 782 2079 ex
816 2032 1026 2093 cupressu
1060 2033 1100 2078 Sc
1123 2033 1242 2092 pinu
1276 2032 1443 2086 resma,
1476 2031 1534 2075 fic

276 2126 334 2154 ex
347 2109 485 2154 cedro
506 2110 665 2153 oleum
680 2141 692 2162 ,
718 2105 852 2166 quod
874 2105 1093 2150 cedreum
1112 2104 1298 2159 dicitur,
1318 2102 1538 2158 nascitur,

276 2201 376 2244 qno
411 2185 618 2243 reliquae
652 2197 717 2226 res
747 2195 856 2224 cum
888 2179 994 2223 sunt
1036 2176 1221 2235 unctae,
1266 2179 1361 2239 (uti
1395 2179 1532 2223 etiarn

274 2257 413 2316 libri)
439 2273 464 2301 a
495 2255 626 2301 tineis
652 2253 692 2298 gc
717 2270 741 2298 a
765 2253 879 2298 carie
910 2268 1007 2297 non
1035 2252 1297 2297 laeduntur.
1347 2250 1534 2295 Arboris

277 2339 435 2372 autem
488 2328 584 2372 eius
624 2325 729 2370 sunt
762 2324 925 2369 similes
967 2323 1223 2384 cupresseae
1268 2323 1533 2377 foliaturae,

279 2400 487 2445 materies
522 2414 640 2444 vena
682 2393 863 2440 directa.
899 2395 1060 2456 Ephesi
1089 2395 1137 2439 in
1169 2395 1308 2450 aede,
1350 2394 1533 2437 fimula-

281 2488 412 2518 crum
440 2473 616 2518 Dianae
634 2470 675 2517 8c
704 2468 842 2515 etiam
870 2468 1099 2515 lacunaria
1134 2484 1193 2513 ex
1225 2483 1303 2524 ea,
1335 2464 1375 2514 8(
1403 2464 1469 2509 ibi
1495 2465 1536 2510 Sc
