1600 2902
326 174 407 221 DE
442 171 929 222 ARCHITECTURA
964 172 1072 220 LIB.
1107 175 1184 219 ΙΙΙ.
1330 174 1387 237 85

134 285 284 336 decim
315 301 504 345 autem,
539 290 673 349 quod
702 306 759 334 ex
789 289 977 335 duobus
997 288 1281 349 simplicibus
1304 303 1392 332 nu·

131 363 267 409 meris
298 363 359 406 est
386 360 573 408 efi'ec‘lus
590 397 602 418 ,
631 364 887 405 ὂιπλοεσίωνοε.
916 362 1030 407 Non
1055 361 1206 413 minus
1226 360 1390 416 etiam,

131 435 265 493 quod
291 451 372 495 pes
398 435 598 480 hominis
624 434 883 479 altitudinis
918 434 1093 479 sextam
1118 433 1257 478 habet
1287 448 1392 492 par-

128 520 225 553 tem
250 543 263 564 ,
295 509 356 555 ita
391 510 528 554 etiarn
563 525 623 553 ex
659 525 714 553 eo
751 509 886 568 quod
932 508 1171 568 perficitur
1206 506 1389 568 pedum

128 595 329 625 numero
350 615 363 637 ,
386 597 554 640 corpus
580 581 646 624 his
677 580 753 624 sex
779 580 1038 624 altitudinis
1065 579 1390 636 terminando,

130 668 237 697 eum
255 649 512 712 perfeffl'um
527 651 866 696 constituerunt
881 668 892 705 3
926 651 1240 710 cubitumque
1252 651 1394 695 ani-m·

128 725 430 771 adverterunt
447 742 504 771 ex
522 727 597 771 sex
614 726 774 785 palmis
795 726 998 770 constare
1019 759 1032 781 ,
1061 725 1310 788 digitisque
1325 724 1391 769 vi-

129 799 244 860 ginti
279 810 496 859 quatuor·
564 798 635 842 Ex
671 814 726 842 eo
764 799 902 842 etiam
937 797 1157 841 videntur
1188 796 1395 841 civitates

132 864 415 915 Graecorum
446 867 618 925 feciffe,
657 870 725 914 uti
755 869 1165 929 quemadmodum
1200 871 1390 916 cubitus

129 943 191 986 est
224 942 300 987 sex
329 944 628 1002 palmorum,
663 942 724 987 ita
762 943 809 986 in
840 943 1059 987 drachma
1094 959 1290 1002 quoque
1326 957 1383 986 eo

128 1032 328 1062 nurnero
378 1027 647 1061 uterentur:
694 1016 797 1061 illae
833 1018 957 1062 enim
1004 1033 1156 1062 aereos
1194 1016 1392 1078 signatos

127 1090 231 1150 (uti
256 1088 394 1149 affes)
424 1106 482 1135 ex
515 1106 672 1149 aequo
707 1090 783 1133 sex
803 1124 816 1145 ‚
877 1107 997 1150 quos
1031 1091 1197 1136 obolos
1233 1090 1393 1150 appel-

128 1166 227 1208 lant
242 1198 253 1219 ‚
273 1164 651 1223 quadrantesque
671 1164 930 1209 obolorum
946 1199 958 1221 ,
981 1182 1101 1224 quae
1120 1165 1197 1209 alii
1217 1164 1389 1210 dicha}-

128 1250 204 1289 ca,
231 1234 450 1279 nonnulli
479 1235 692 1279 trichalca
715 1236 879 1280 dicunt
897 1271 908 1291 ,
942 1252 1028 1295 pro
1060 1235 1210 1298 digitis
1236 1235 1388 1297 vigin-

131 1307 168 1350 ti
189 1316 391 1365 quatuor
426 1306 474 1349 in
504 1305 721 1350 drachma
748 1306 1100 1351 constituerunt.
1137 1305 1286 1350 Nostri
1311 1322 1391 1351 au-

133 1389 228 1422 tem
271 1377 424 1437 primo
463 1377 629 1422 decem
680 1377 889 1422 fecerunt
925 1378 1177 1436 antiquum
1222 1394 1390 1422 nume-

132 1466 263 1504 rum,
294 1450 335 1493 Sc
358 1451 402 1498 in
431 1449 620 1493 denario
649 1449 794 1493 denos
822 1466 974 1494 aereos
1000 1449 1105 1494 affes
1134 1450 1387 1494 constitue·-

130 1531 265 1577 runt‚
292 1521 332 1567 Sc
359 1538 409 1565 ea
434 1538 481 1566 re
510 1522 788 1582 compositio
812 1523 997 1567 nummi
1021 1523 1080 1566 ad
1100 1522 1384 1568 hodiernum

130 1593 256 1638 diem
287 1594 462 1639 denarii
487 1609 664 1638 nomen
688 1594 880 1645 retinet3
910 1596 1145 1655 etiamque
1171 1608 1384 1655 quartam

129 1667 225 1712 eius
255 1678 462 1727 partem,
498 1667 629 1726 quod
665 1668 946 1713 efficiebatur
977 1686 1035 1716 ex
1069 1669 1258 1714 duobus
1292 1670 1390 1715 affi-

131 1741 219 1785 bus
251 1742 291 1787 &
325 1740 463 1786 tertio
506 1740 707 1797 semisse,
759 1741 1012 1786 sestertium
1045 1743 1383 1790 vocitaverunt.

131 1813 290 1858 Postea
309 1847 321 1869 ,
343 1813 569 1871 quoniam
597 1813 1028 1859 animadverterunt
1048 1827 1272 1874 utrosque
1294 1833 1386 1862 nu-

132 1902 281 1931 meros
311 1886 396 1931 effe
427 1884 679 1946 Ρεῑῗεὲἶοε,
717 1885 756 1930 Sc
785 1886 859 1931 sex
880 1887 920 1933 Sc
941 1887 1104 1932 decem
1128 1922 1139 1942 ,
1162 1900 1384 1948 utrosque

131 1957 177 2000 in
200 1974 347 2003 uuum
377 1960 704 2014 coniecerunt,
723 1958 988 2004 &fecerunt
1004 1957 1385 2019 perseffliffimum

135 2031 441 2076 decuffiffexis.
484 2032 636 2076 Huius
663 2044 819 2077 autem
848 2032 911 2076 rei
933 2030 1169 2078 auciorem
1203 2033 1386 2078 invene·

133 2116 241 2148 runt
272 2105 459 2163 pedem.
505 2107 542 2150 E
575 2107 736 2150 cubito
765 2106 890 2150 enim
923 2123 1030 2150 cum
1068 2106 1251 2166 dempti
1280 2108 1386 2152 sunt

131 2176 275 2235 palmi
310 2177 431 2233 duo,
466 2179 745 2238 relinquitur
774 2195 851 2239 pes
885 2193 1088 2239 quatuor
1110 2182 1389 2239 palmorum.

134 2248 319 2291 Palmus
344 2260 502 2293 autem
534 2250 674 2294 habet
702 2264 903 2309 quitum
935 2251 1124 2313 digitos:
1171 2252 1231 2296 ita
1263 2253 1391 2296 effici·-

135 2330 238 2373 tur,
289 2320 357 2363 uti
392 2319 555 2364 habeat
585 2338 663 2381 pes
704 2324 936 2370 iexdecim
974 2325 1164 2386 digit03‚
1202 2325 1242 2370 Sc
1281 2327 1391 2370 toti-

134 2390 241 2435 dem
273 2390 376 2436 asses
403 2408 554 2436 aereos
583 2392 808 2441 denarius.
842 2396 959 2459 Ergo
992 2397 1022 2440 sl
1051 2398 1299 2454 convenit,
1332 2416 1389 2444 ex

138 2465 337 2510 articulis
381 2466 586 2512 hominis
618 2483 871 2516 numerum
913 2471 1160 2516 inventum
1201 2472 1310 2530 effe,
1349 2474 1389 2519 Sc

1047 2535 1144 2597 1⁴'3
