1600 2902
111 2182 136 2209 ·ι
149 2170 221 2225 586

267 238 356 286 DE
387 236 453 282 M.
482 234 800 282 VITRUVIO
835 234 1176 280 POLLIONE.
1230 249 1383 282 xxvn

269 342 508 395 franciscium
544 343 740 393 Senensem,
775 341 809 380 6·
853 342 951 381 Ioan.
983 339 1131 392 Crugher
1161 340 1382 379 Germanum.

273 398 389 450 1567.
407 397 476 437 fol.
506 419 560 427 —
588 396 795 435 »Videtur
814 395 1011 434 Barbarus
1034 396 1074 433 in
1098 393 1277 432 Vitruvii
1295 404 1386 431 tex-

274 463 318 491 tu
344 453 502 491 secutus
527 452 739 504 praecipue
765 448 840 488 effe
867 450 1082 488 editionem
1109 447 1305 486 Philandri
1322 459 1386 485 an.

273 518 385 557 1552.
413 507 468 545 ita
494 516 624 544 tamen
641 535 651 552 ‚
679 514 723 543 ut
756 503 957 542 nonnullis
981 504 1020 542 in
1054 501 1153 541 locis
1180 502 1383 540 variantes

271 560 462 611 quasdam
497 558 665 598 Iocundi
696 557 888 596 lectiones
913 556 1135 595 retinuerit.
1175 555 1385 594 Praeterea

271 625 375 652 vero
398 613 576 666 pluribus
603 613 719 650 etiam
740 611 779 649 in
807 610 906 649 locis
928 621 1007 648 tam
1023 610 1071 648 ab
1096 610 1271 650 editione
1299 608 1388 647 Phi-

271 666 397 706 landri
414 698 425 715 ‚
450 679 567 719 quam
585 666 633 704 ab
650 664 813 704 Iocundi
836 664 1013 702 editione
1041 663 1204 703 receffit.
1231 663 1283 701 At
1300 664 1386 702 cui-

271 722 376 775 piam
398 721 606 774 displicere
631 718 725 758 illud
752 717 869 757 facile
885 718 1037 768 potest,
1057 718 1166 769 quod
1189 717 1388 756 Barbarus

272 786 406 826 neque
434 775 586 827 semper
612 772 854 810 variationes
890 771 1154 818 indicaverit,
1188 782 1286 822 quas
1311 770 1386 809 ad-

274 829 465 881 optabat,
488 839 616 879 neque
640 825 776 865 causas
802 825 1036 870 subiecerit‚
1061 825 1206 876 quibus
1225 836 1387 877 permo-

273 893 338 921 tus
361 882 517 920 easdem
539 880 740 919 induxerit
756 880 794 918 in
822 890 977 917 textum
1003 879 1260 930 mutationes.
1291 877 1388 917 Por-

273 948 321 974 ro
351 937 420 988 qui
449 947 515 975 eas
549 935 751 988 perquirat
783 934 823 971 ἃ
859 933 1082 985 expendat,
1121 944 1203 970 non
1235 943 1387 970 temere

273 991 436 1035 credet,
478 990 690 1042 plerasque
719 1000 766 1025 ex
809 988 970 1039 ingenio
1006 987 1093 1025 eius
1131 983 1382 1039 profluxiffe:

271 1041 407 1082 saltem
431 1042 494 1081 ille
513 1054 593 1081 non
611 1042 700 1081 satis
723 1041 898 1080 declarat
911 1070 922 1086 ‚
942 1040 982 1079 se
998 1052 1046 1079 ex
1067 1038 1289 1079 Codicibus
1306 1052 1388 1078 ma-

270 1109 325 1136 nu
353 1097 522 1136 exaratis
552 1094 773 1149 profecisse.
815 1095 953 1142 Adde,
984 1095 1023 1133 in
1058 1092 1272 1133 illiusmodi
1295 1107 1388 1132 mu·-

269 1151 490 1191 tationibus
545 1151 681 1190 rimam
717 1148 895 1188 Italicam
935 1149 1150 1188 editionem
1189 1147 1271 1199 (cfi
1303 1147 1385 1198 infr.

268 1203 489 1244 versiones
508 1165 666 1244 lptalicas
684 1203 751 1255 sub
778 1220 835 1241 an.
867 1204 1004 1255 1556.)
1034 1215 1124 1241 cum
1147 1202 1283 1241 Latina
1314 1203 1388 1241 liae

269 1269 355 1297 non
375 1258 523 1310 ubique
542 1258 783 1297 consentire.
803 1278 857 1288 --
887 1256 1010 1307 Quae
1035 1269 1137 1296 vero
1157 1257 1203 1294 ad
1225 1254 1389 1295 illustra-

273 1312 427 1350 tionem
451 1312 643 1352 librorum
668 1311 849 1349 Vitruvii
889 1310 1056 1363 protulit
1082 1310 1304 1357 Barbatus,
1340 1322 1387 1349 ea

272 1364 423 1417 scripsit
446 1365 514 1405 illo
534 1364 657 1404 ferme
673 1365 816 1411 modo,
840 1376 923 1416 quo
946 1365 1297 1416 interpretationes
1312 1392 1322 1409 ‚
1340 1364 1389 1401 si-

273 1431 327 1459 ve
351 1420 423 1471 (ut
445 1419 625 1459 nonnulli
645 1418 874 1472 appellant)
895 1419 1077 1471 perpetui
1098 1417 1389 1457 Commentarii

270 1485 295 1511 a
323 1474 419 1511 viris
447 1472 574 1512 doetis
596 1473 750 1512 exarari
780 1471 1043 1510 consuevere.
1082 1470 1388 1523 Quamobrem,

270 1525 300 1565 si
326 1526 489 1565 Barbari
508 1539 612 1579 opus
632 1539 723 1566 cum
755 1524 953 1564 Philandri
980 1537 1104 1578 opere
1129 1526 1388 1572 conferatur,

271 1579 470 1620 Barbarus
499 1581 539 1620 in
569 1592 619 1619 eo
639 1578 756 1619 fuiss'e
774 1580 958 1627 videtur,
986 1591 1031 1619 ut
1053 1580 1186 1618 omnia
1209 1580 1388 1620 Vitruvii

272 1633 363 1673 loca
376 1634 492 1673 dofle
513 1634 804 1687 diligenterque
821 1634 1050 1685 explanaret
1062 1647 1073 1680 3
1097 1633 1302 1673 Philander
1317 1647 1389 1673 au-

270 1698 351 1727 tem
371 1689 411 1726 in
435 1700 508 1737 eo,
538 1700 583 1728 ut
611 1688 827 1739 explicaret
846 1687 1068 1727 difficiliora
1089 1687 1176 1726 loca
1193 1719 1204 1736 ‚
1234 1687 1388 1726 lucem-

271 1754 351 1793 que
373 1742 512 1781 iisdem
538 1743 580 1782 δι
606 1753 885 1782 ornamentum
920 1740 1080 1781 afferret
1110 1743 1220 1781 varia
1250 1743 1386 1781 erudi-

270 1796 412 1844 tione,
446 1808 569 1849 atque
601 1796 809 1836 illustrium
848 1796 1088 1848 scriptorum
1123 1795 1384 1835 auctoritate:

272 1849 407 1902 itaque
434 1863 514 1890 non
544 1850 681 1890 eadem
705 1849 901 1890 scribendi
930 1850 1034 1889 ratio
1054 1851 1263 1903 utriusque
1284 1849 1385 1898 fuit3

269 1915 443 1956 uterque
471 1916 606 1943 tamen
640 1904 713 1943 suo
734 1905 774 1943 in
800 1916 946 1956 genere
970 1904 1158 1944 excelluit
1174 1934 1185 1950 ‚
1209 1905 1248 1944 ὅ(
1277 1916 1387 1944 uter—

268 1969 349 2010 que
369 1958 418 1996 de
446 1958 626 1998 Vitruvii
655 1958 764 1997 libris
786 1959 947 1997 meritus
974 1959 1124 2010 optime
1155 1958 1221 1998 est.
1239 1980 1292 1988 -—
1320 1958 1385 1996 Fi-

272 2024 420 2064 gurae,
452 2013 597 2065 quibus
624 2023 816 2052 exornata
848 2012 902 2050 est
936 2013 1031 2051 haec
1057 2013 1202 2059 editio,
1234 2012 1386 2065 perele-

272 2076 412 2117 gantes
437 2066 548 2115 sunt,
578 2065 793 2120 pleraeque
818 2067 934 2105 etiam
963 2066 1109 2114 utiles,
1138 2079 1159 2104 a
1182 2068 1237 2106 lo.
1258 2066 1386 2120 Crug-

274 2119 345 2158 her
359 2150 370 2167 ,
398 2119 602 2160 Germano
616 2151 627 2167 ‚
660 2122 850 2160 caelatae.
869 2137 892 2156 α
912 2120 1060 2160 ΡοΙσιω
1082 2121 1107 2159 l.
1125 2133 1159 2159 c.
1182 2134 1218 2174 p.
1237 2134 1281 2172 9¹
1301 2120 1356 2173 sq.

275 2175 331 2212 M.
355 2175 509 2213 Vitruvii
535 2176 713 2214 Pollionis
738 2177 777 2213 de
797 2175 1033 2213 Archi-'tenura
1058 2175 1154 2212 Libri
1173 2182 1278 2213 ccccm
1293 2205 1305 2220 ‚
1337 2177 1386 2212 ad

272 2228 441 2277 Caesarem
458 2230 651 2282 Augustum
664 2259 676 2275 ‚
705 2229 862 2267 omnibus
883 2230 1034 2267 omnium
1062 2230 1263 2268 editionibus
1284 2230 1383 2281 longe

276 2282 540 2329 emendatiores,
578 2284 713 2322 collatis
746 2285 912 2321 veteribus
940 2284 1114 2335 exemplis.
1161 2282 1383 2334 Acccfflrunt

276 2335 442 2374 Gulielmi
468 2337 653 2375 Philandri
675 2337 892 2387 calumnii,
919 2337 1013 2375 Civis
1039 2339 1143 2375 Rom.
1164 2338 1383 2374 Annorario-

273 2403 330 2424 net
357 2390 580 2441 castigatiores
596 2421 608 2436 ‚
639 2391 673 2428 δ’
695 2388 777 2443 ρ’ίιις
798 2392 897 2428 tertia
913 2403 1008 2443 parte
1029 2391 1269 2441 locupletiores.
1296 2392 1378 2428 Atl-

271 2442 352 2479 ieffla
380 2444 420 2493 est
445 2444 603 2495 Epitomc
621 2446 657 2481 in
682 2460 793 2483 omnes
818 2445 954 2497 Georgii
982 2445 1164 2496 Agricolae
1185 2446 1223 2482 de
1244 2445 1381 2495 mensn-

271 2496 320 2533 ris
346 2495 381 2532 δ’
400 2497 600 2546 ponderibus
628 2499 728 2537 libros
751 2500 860 2536 codem
881 2500 1024 2536 auclore.
1057 2499 1140 2537 Cum
1163 2498 1294 2537 Gracco
1313 2515 1382 2550 pa-

271 2551 351 2588 riter
373 2550 406 2588 δ’
429 2551 557 2589 Latino
582 2551 698 2591 Indice
733 2553 995 2605 locupleufflnm.
1017 2553 1074 2591 M.
1087 2554 1141 2592 D.
1157 2552 1377 2590 LXXXVI,
