1600 2902
235 176 299 224 90
480 158 549 203 M.
584 155 876 204 VITRUVII
907 156 1249 205 POLLIONIS

237 269 422 314 bebunt
456 267 618 311 iustam
655 266 897 311 rationem.
935 267 1087 311 Huius
1125 267 1359 327 exemplar
1393 264 1494 310 Ro-

237 357 342 385 mae
380 342 569 384 nullum
608 339 862 393 habemus3
898 338 976 383 sed
1010 339 1060 383 in-
1092 338 1192 384 Asia
1217 340 1320 384 Teo
1349 339 1492 386 hexa-

239 414 390 473 stylon
416 412 576 456 Liberi·
597 412 748 456 Patris.
780 412 860 456 Eas
887 424 1044 457 autern
1072 412 1359 474 symmetrias
1378 415 1492 457 cosso

239 485 386 530 stituit
415 485 762 546 Hermogenes,
801 484 884 543 qui
915 484 1053 529 etiam
1088 485 1263 543 primus
1300 481 1494 545 oCtasty-

235 561 342 603 lum
371 557 784 617 pseudodipterive
813 557 1044 602 rationem
1077 556 1267 602 invenit.
1304 558 1371 603 Ex
1406 557 1496 602 Di-

239 631 360 691 pteri
385 632 510 675 enim
541 631 666 676 aedis
693 630 957 691 symmetria
975 630 1150 675 sustulit
1170 630 1405 675 interiores
1432 647 1496 675 or-

241 704 372 748 dines
396 704 724 748 columnarum
749 714 957 748 XXXVIII
978 736 992 758 ‚
1013 717 1161 760 eaque
1174 702 1350 746 ratione
1373 702 1497 746 fum-

202 766 206 769 ¹
240 788 350 836 ptus
393 774 644 834 operisque
675 774 955 833 compendia
994 773 1115 818 fecit.
1159 775 1201 818 Is
1242 775 1290 817 in
1335 774 1497 819 medio

240 845 552 891 ambulationi
586 846 904 891 laxamentum
947 846 1126 909 egregie
1171 847 1289 892 circa
1332 848 1499 891 cellam·

241 918 376 973 fecit,
408 918 466 962 de
495 915 807 978 adspefiuque
842 918 957 962 nihil
988 919 1251 974 imminuit,
1285 919 1381 964 sed*
1405 919 1498 964 sine

244 990 467 1036 desiderio
500 991 893 1049 supervacuorum
944 991 1227 1036 conservavit
1259 988 1502 1036 aufflorita-

244 1076 340 1109 tem
362 1064 505 1108 totius
526 1064 673 1123 operis
693 1063 1031 1110 distributione.
1065 1066 1349 1110 Pteromatos
1369 1065 1499 1109 enim»

245 1138 360 1181 ratio
397 1135 437 1180 8c
473 1137 797 1180 columnarum
833 1136 1007 1180 circum
1051 1137 1218 1182 aedem
1265 1136 1503 1196 dispositio

245 1207 355 1251 ideo
387 1207 447 1251 est
475 1207 660 1251 inventa
680 1241 692 1262 ,
731 1220 786 1251 ut
811 1206 1050 1267 adspectus
1078 1219 1271 1269 propter
1295 1209 1503 1269 asperita-

247 1291 347 1324 tem
394 1279 867 1324 intercolumniorum
906 1279 1096 1325 haberet
1139 1277 1500 1326 aufflorizatem:

247 1363 481 1412 praeterea
514 1352 545 1396 fi
573 1351 613 1397 Sc
640 1350 866 1396 imbrium
895 1367 1043 1411 aquae
1072 1351 1140 1396 vis
1167 1353 1464 1411 occupaverit
1483 1385 1500 1407 ,

245 1425 288 1470 ὃς
315 1424 618 1468 intercluserit
646 1424 894 1469 hominum
924 1423 1311 1478 multitudinem,
1342 1435 1395 1467 ut
1423 1424 1504 1466 ha-

248 1496 357 1540 beat
383 1496 431 1538 in
461 1495 576 1539 aede
611 1495 821 1554 circaque
847 1496 1011 1538 cellam
1036 1510 1144 1539 cum
1164 1495 1435 1539 laxamento
1454 1496 1506 1538 li-

248 1569 408 1614 beram
444 1584 637 1613 mora-m.
683 1568 809 1611 Haec
843 1578 1000 1611 autem
1030 1566 1090 1610 ita
1127 1566 1419 1625 explicantur
1455 1567 1506 1611 in·

250 1641 623 1702 Pseudodipteris
664 1641 854 1686 aedium
907 1639 1306 1699 dispositionibus:
1362 1657 1505 1700 quare

251 1715 439 1760 videtur
476 1725 609 1759 acuta
637 1730 897 1776 magnaque
941 1713 1121 1757 solertia
1165 1711 1352 1758 esfeffilus
1390 1729 1505 1773 ope·-

254 1805 359 1833 rum
393 1788 709 1849 Hermogenes
739 1786 917 1842 fecisse,
956 1785 1284 1845 reliquisseque
1319 1786 1470 1831 fontes
1489 1819 1504 1841 ‚

256 1859 385 1905 unde
424 1858 589 1919 posteri
634 1857 814 1918 possent
850 1858 1031 1902 haurire
1066 1856 1409 1916 disciplinarum
1441 1873 1507 1902 ra-

260 1931 424 1975 tiones.
450 1930 658 1975 Aedibus
684 1930 952 1991 Araeostylis
973 1931 1219 1975 columnae
1236 1929 1292 1973 sic
1315 1930 1420 1974 sunt
1442 1929 1507 1974 fa-

260 2005 478 2061 ciendae,
508 2005 576 2049 uti
597 2003 904 2048 crassitudines
934 2020 1093 2048 earum
1118 2003 1204 2048 sint
1224 2003 1361 2062 partis
1384 1999 1508 2047 offia-

259 2094 343 2122 vae
377 2077 437 2120 ad
469 2077 745 2122 altitudines.
795 2077 913 2121 Item
945 2077 992 2120 in
1025 2075 1229 2135 Diastylo
1259 2074 1509 2118 dimetien-

259 2151 319 2195 da
343 2150 403 2194 est
433 2150 630 2194 altitudo
663 2151 908 2195 columnae
949 2151 996 2193 in
1027 2160 1177 2208 partes
1216 2146 1323 2193 ocio
1359 2149 1400 2194 Sc
1436 2148 1507 2192 di-

261 2222 454 2267 midiam
480 2256 493 2277 ,
537 2222 581 2267 8c
620 2221 756 2266 unius
793 2221 929 2280 partis
978 2221 1225 2266 columnae
1268 2217 1511 2263 crassitudo

260 2297 529 2341 collocetur.
570 2296 622 2340 In
653 2294 835 2356 Systylo
866 2293 1068 2338 altitudo
1100 2292 1331 2336 dividatur
1358 2291 1406 2334 in
1426 2305 1510 2333 no·

263 2385 369 2413 vern
396 2370 436 2415 8c
470 2369 711 2414 dimidiam
737 2378 916 2427 partem
935 2400 949 2422 ,
984 2367 1025 2411 86
1048 2382 1106 2410 ex
1136 2365 1195 2409 eis
1214 2380 1305 2407 una
1322 2362 1378 2405 ad
1397 2359 1510 2404 cras-

261 2442 509 2489 situdinem
536 2443 780 2488 columnae
811 2440 962 2487 detur.
998 2441 1123 2485 ltem
1158 2439 1206 2482 in
1225 2432 1511 2497 Pycnostylo
