1600 2902
247 181 337 241 196
482 173 549 220 Μ.
584 172 879 220 νΙΤΗυνΠ
912 175 1251 224 POLLIONIS

243 281 429 341 Phylon
448 290 554 324 ante
588 280 824 339 templum
856 279 904 323 in
941 279 1093 325 fronte
1131 280 1360 327 columnis
1389 296 1501 327 con·

243 353 407 399 stitutis
440 352 681 412 prostylon
713 352 834 396 fecit.
889 352 956 396 Ita
991 352 1127 398 auo'to
1163 354 1397 399 vestibulo
1432 356 1497 399 la·-

243 436 519 470 Xamentum
549 424 861 479 initiantibus,
903 424 1129 484 operique
1158 425 1386 470 summam
1420 426 1499 471 ad-

242 496 349 541 iecit
381 493 714 542 aurstoritatem.
772 496 825 539 In
856 493 967 557 Asty
1000 511 1110 540 vero
1138 498 1298 542 Iovem
1327 499 1498 560 Olym-

240 567 376 629 pium
403 568 562 626 amplo
590 566 896 612 modulorum
921 578 1217 627 comparatu,
1247 568 1498 614 Corinthiis

240 639 517 700 symmetriis
544 640 584 685 Sc
602 640 986 699 proportionibus
1007 642 1022 699 (
1040 640 1108 685 uti
1125 640 1254 699 supra
1274 640 1495 701 scriptum

243 712 334 771 est)
356 709 757 756 architetstandum
791 711 1019 756 Coffutius
1049 710 1284 771 suscepisse
1318 729 1498 757 memo-

240 797 378 833 ratur.
414 785 558 831 Cuius
595 785 984 830 commentarium
1023 786 1209 828 nullum
1243 785 1304 828 est
1336 786 1498 829 inven-

242 870 377 904 tum:
414 875 499 903 nec
530 870 687 904 tamen
713 877 737 903 a
767 858 974 905 Coffutio
1003 858 1154 903 solum
1187 858 1244 903 de
1271 858 1338 902 his
1357 858 1497 903 rebus

239 932 401 992 scripta
436 932 542 977 sunt
569 931 894 986 desideranda,
923 930 1001 974 sed
1022 931 1161 975 etiam
1189 948 1212 975 a
1237 930 1289 974 C.
1311 931 1465 975 Mutio
1482 963 1495 986 ,

242 1002 327 1061 qui
370 1019 535 1064 magna
575 1002 760 1047 scientia
804 1004 1003 1048 confisus
1050 1003 1184 1047 aedes
1221 1004 1422 1047 Honoris
1456 1003 1498 1047 ἃ·

240 1073 440 1121 Virtutis
469 1074 786 1119 Marcellianae
815 1077 981 1129 cellae,
1004 1077 1431 1135 columnarumque
1454 1076 1495 1119 Sc

240 1145 560 1206 epistyliorum
588 1147 870 1207 symmetrias
902 1147 1115 1209 legitimis
1147 1148 1249 1190 artis
1273 1147 1490 1191 institutis

239 1218 449 1279 perfecit.
499 1219 554 1263 Id
583 1236 693 1264 vero
725 1221 755 1264 si
784 1237 1097 1264 marmoreum
1130 1218 1303 1275 fuisset,
1334 1232 1385 1265 ut
1417 1221 1495 1263 ha-

239 1292 398 1349 beret,
423 1294 832 1353 quemadmodum
863 1295 920 1339 ab
950 1306 1043 1338 arte
1070 1293 1397 1348 subtilitatem,
1437 1293 1494 1338 fic

237 1379 264 1408 a
292 1365 636 1428 magnificentia
653 1365 926 1426 &impensis
957 1364 1306 1419 auetoritaten„
1332 1365 1378 1408 iti
1405 1366 1495 1424 pri-

237 1436 325 1480 mis
350 1437 391 1482 8c
410 1437 600 1482 summis
619 1438 836 1496 operibus
867 1438 1199 1482 nominaretur.
1241 1436 1362 1479 Cum
1385 1451 1492 1497 ergo

237 1507 280 1554 8c
309 1509 492 1567 antiqui
523 1509 661 1553 nostri
695 1510 991 1554 inveniantur
1029 1524 1127 1552 non
1160 1508 1314 1553 minus
1350 1524 1493 1565 quam

239 1579 404 1624 Graeci
436 1580 564 1626 fuiffe
586 1582 743 1644 magni
762 1578 993 1626 architeffi
1011 1615 1023 1636 ‚
1053 1582 1094 1626 Sc
1113 1582 1288 1625 nostrae
1310 1596 1492 1624 memo-

235 1653 330 1698 riae
363 1651 463 1696 satis
491 1653 657 1709 multi,
690 1654 730 1699 8c
764 1670 821 1698 ex
852 1654 918 1697 his
951 1653 1089 1714 pauci
1118 1665 1365 1713 praecepta
1399 1652 1494 1696 edi-

238 1724 405 1770 diffent
422 1759 435 1781 ‚
463 1741 561 1770 non
591 1728 751 1786 putavi
776 1727 1006 1772 silendum
1025 1762 1036 1783 ‚
1058 1727 1135 1770 sed
1162 1726 1377 1785 disposite
1402 1725 1490 1769 sm-

237 1799 353 1860 gulis
376 1800 696 1846 voluminibus
727 1800 784 1846 de
809 1801 989 1863 singulis
1018 1800 1370 1860 exponendum.
1404 1800 1491 1843 Ita-

236 1889 334 1931 que
367 1873 593 1931 quoniam
623 1873 751 1919 sexto
778 1875 1021 1919 volumine
1052 1874 1344 1934 privatorum
1375 1872 1491 1916 aedi·

237 1946 452 1992 ficiorum
481 1947 675 1992 rationes
708 1946 964 2006 perscripsi,
1000 1946 1048 1990 in
1077 1946 1198 2000 hoc,
1234 1945 1317 2003 qui
1351 1944 1491 2003 septi-

232 2034 373 2062 ‹mum
405 2029 534 2063 tenet
561 2035 812 2064 numerum
829 2053 841 2073 ‚
877 2019 939 2063 de
968 2016 1363 2078 expolitioriibu3‚
1387 2016 1491 2075 qui-

238 2089 324 2134 bus
352 2090 607 2136 rationibus
640 2091 681 2136 &
714 2091 998 2136 venustatem
1031 2089 1071 2136 Sc
1106 2089 1373 2133 firmitatem
1409 2087 1490 2131 ha-

237 2161 348 2208 bere
377 2164 571 2222 possint,
606 2180 853 2224 exponam.

648 2279 989 2325 CAPUT
1055 2280 1085 2324 Ι.

663 2366 734 2411 De
770 2368 1049 2413 ruderatione.

296 2451 608 2513 Primumque
643 2454 863 2514 incipiam
901 2454 960 2499 de
995 2452 1328 2506 ruderatione,
1367 2464 1487 2510 quae
