1600 2902
253 209 345 254 124
501 196 569 238 M.
604 194 896 241 VITRUVII
928 197 1274 245 POLLIONIS

247 301 362 346 aliae
378 333 390 354 ,
411 299 487 344 sed
511 300 704 344 eaedem
726 299 833 345 sunt
850 303 1191 361 proportiones.
1218 304 1371 350 Cellae
1390 307 1520 351 enim

248 373 573 435 longitudines
606 374 818 434 duplices
843 375 951 419 sunt
971 376 1029 419 ad
1057 377 1324 423 latitudines
1340 413 1352 433 ,
1387 377 1427 424 Sc
1450 377 1520 423 uti

249 447 430 505 reliqua
465 463 525 491 ex
548 446 638 490 his:
670 447 855 502 omnia,
887 463 1008 506 quae
1031 447 1180 493 solent
1205 449 1290 494 effe
1317 450 1364 494 in
1387 450 1519 495 fron-

249 519 401 573 tibus,
437 518 495 562 ad
529 520 667 562 latera
696 519 805 563 sunt
839 521 1065 565 translata.
1118 522 1349 568 Nonnulli
1376 524 1518 569 etiam

250 592 315 637 de
350 593 613 638 Tuscanicis
644 593 890 655 generibus
929 594 1164 640 sumentes
1189 597 1518 642 columnarum

249 664 322 709 di
313 665 603 724 positiones,
632 666 945 712 transferunt
937 683 984 710 in
1011 667 1365 712 Corinthiorum
1383 669 1422 714 Sc
1442 668 1520 713 Io-

249 738 470 783 nieorum
501 754 699 798 operum
725 738 1051 784 ordinationes.
1082 739 1271 808 Quibus
1300 741 1424 785 enim
1451 742 1521 784 lo-

249 811 314 855 cis
343 827 524 871 pronao
546 824 831 871 procurrunt
864 823 1026 868 antae,
1063 813 1108 856 in
1138 812 1300 857 iisdem
1331 829 1354 857 e
1374 811 1522 874 regio-

252 900 316 930 ne
344 886 486 930 cellae
519 885 753 945 parietum
792 887 1033 931 columnas
1068 886 1198 931 binas
1240 888 1522 932 collocantes

253 958 461 1002 efficiunt
509 957 874 1005 Tuscanicorum
906 959 947 1006 Sc
992 959 1280 1004 Graecorum
1321 975 1522 1020 operum

251 1044 563 1074 communem
585 1030 1007 1076 ratiocinationem.
1035 1030 1127 1074 Alii
1144 1048 1254 1076 vero
1272 1046 1521 1075 removen-

252 1116 320 1150 tes
345 1106 537 1164 parietes
566 1106 717 1162 aedis,
747 1106 788 1153 Sc
817 1107 1101 1167 applicantes
1129 1106 1187 1150 ad
1218 1106 1522 1150 intercolum-

252 1179 331 1224 nia
356 1189 674 1239 pteromatos,
721 1180 869 1241 spatio
902 1181 1086 1241 parietis
1113 1179 1283 1225 sublati
1315 1179 1522 1224 efficiunt

249 1252 464 1312 amplum
490 1253 811 1298 laxamentum
832 1255 987 1298 cellae.
1011 1253 1214 1312 Reliqua
1232 1264 1391 1297 autem
1412 1267 1524 1312 pros·

250 1322 552 1384 portionibus
588 1323 628 1367 Sc
677 1323 952 1384 symmetriis
995 1322 1157 1367 iisdem
1202 1322 1522 1368 conservantes

250 1395 384 1440 aliud
414 1411 561 1457 genus
590 1396 764 1460 figurae
798 1395 1102 1455 nominisque
1136 1394 1357 1441 videntur
1389 1394 1522 1454 Pseu-

252 1470 562 1533 doperz'pterum
604 1469 916 1531 procreavisse.
986 1469 1115 1515 Haec
1155 1478 1318 1513 autem
1354 1481 1521 1528 genera

249 1555 445 1605 propter
478 1544 612 1588 usum
643 1542 968 1588 sacrificiorum
1011 1551 1376 1586 convertuntur..
1405 1540 1523 1584 Non.

250 1618 380 1661 enim
411 1615 634 1659 omnibus
664 1615 764 1663 Diis
788 1615 951 1659 iisdem
975 1613 1233 1658 rationibus
1257 1612 1391 1656 aedes
1413 1612 1520 1655 sunt

250 1687 518 1741 faciendae,
554 1687 686 1747 quod
718 1688 831 1732 alius
858 1688 998 1742 alios,
1029 1687 1248 1731 varietate
1267 1688 1518 1741 sacrorum,

249 1761 533 1823 religionum
551 1761 691 1806 habet
720 1758 918 1806 effectus.
962 1760 1144 1804 Omnes
1163 1759 1353 1803 aedium
1379 1758 1520 1803 sacra·-

251 1851 360 1881 1um
386 1833 781 1889 ratiocinationes,
810 1836 878 1878 uti
903 1834 1019 1877 mihi
1045 1833 1236 1877 traditae
1268 1831 1401 1887 sunt,
1437 1846 1520 1875 ex-

252 1908 422 1968 posui,
458 1907 740 1966 ordinesque
784 1908 824 1953 &
865 1907 1151 1968 symmetrias
1185 1921 1342 1950 earum
1376 1904 1520 1964 parti-

252 1980 463 2026 tionibus
496 1980 705 2035 distinxi,
742 1980 782 2024 8c
815 1997 1015 2039 quarum
1042 1980 1238 2040 dispares
1267 1978 1373 2022 sunt
1399 1979 1518 2041 figu-

252 2067 356 2105 rae,
392 2049 430 2096 8<
450 2050 622 2109 quibus
650 2050 996 2095 discriminibus
1025 2051 1143 2095 inter
1173 2048 1216 2092 se
1242 2048 1348 2093 sunt
1370 2048 1521 2107 dispa-

252 2134 407 2175 ratae,
455 2122 613 2182 quoad
651 2124 816 2183 potui,
853 2124 1099 2187 significare
1140 2121 1316 2182 scriptis
1346 2120 1516 2166 curavi.

254 2197 400 2243 Nunc
430 2197 490 2242 de
519 2197 603 2241 aris
627 2197 838 2242 Deorum
864 2196 1228 2250 immortalium,
1265 2195 1335 2239 uti
1358 2205 1517 2254 aptam

255 2267 644 2314 constitutionem
682 2268 885 2314 habeant
919 2268 978 2314 ad
1019 2267 1346 2314 sacrificiorum
1377 2264 1518 2313 ratio.-

255 2356 398 2399 nem,
436 2339 603 2387 dicam.
