1600 2902
248 235 308 293 48
499 234 566 279 M.
600 231 841 278 VITRUV
846 233 888 276 11
916 233 1252 280 POLLIONIS

245 343 304 388 fic
345 358 396 387 ea
448 339 575 385 fuiffe
622 339 944 385 ratiocinantes
988 340 1224 399 postumus
1284 342 1502 390 iudicare.

247 416 371 460 Cum
413 426 570 458 autem
612 412 826 472 quotidie
864 412 1080 457 faciendo
1110 414 1307 460 tritiores
1340 433 1504 461 manus

244 485 306 529 ad
333 483 678 529 aedificandum
696 483 1010 543 perfecissent,
1041 484 1081 528 86
1107 486 1285 531 solertia
1316 487 1500 550 ingenia

247 556 510 602 exercendo
549 573 632 616 per
665 556 1055 602 consuetudinem
1097 558 1157 601 ad
1193 572 1306 605 artes
1340 576 1501 620 perve-

244 630 436 687 niffent,
484 640 588 674 tum
620 630 758 674 etiam
803 630 1020 675 industria
1057 630 1105 675 in
1138 632 1298 676 animis
1333 649 1500 678 eorum

244 698 419 747 adieffla
450 700 666 760 perfecit,
689 713 741 745 ut
772 702 855 761 qui
886 702 1078 746 fuerunt
1101 701 1148 745 in
1178 704 1244 747 his
1266 704 1502 749 studiofio-

242 792 341 832 res,
364 775 516 838 fabros
545 773 629 819 effe
650 773 693 818 se
716 775 1060 834 profiterentur.
1101 776 1222 821 Cum
1253 793 1359 841 ergo
1388 778 1500 823 haec

239 848 303 892 :ita
337 846 509 891 fuerint
540 846 694 906 primo
726 846 998 902 constituta,
1039 847 1080 893 8c
1108 859 1270 892 natura
1300 864 1398 894 non
1430 849 1502 893 so-

241 921 342 964 lum
368 917 567 962 senfibus
597 917 838 961 ornaviffet
866 928 1053 979 gentes,
1088 919 1501 977 quemadmodum

241 990 420 1048 reliqua
455 989 698 1042 animalia3
744 988 821 1032 sed
864 989 1003 1033 etiam
1055 989 1416 1051 cogitationibus
1458 991 1501 1037 86

241 1062 436 1108 consiliis
467 1060 720 1105 armavisset
757 1073 962 1116 mentes,
998 1061 1038 1106 86
1067 1062 1320 1106 subietisset
1351 1075 1501 1107 cetera

241 1132 456 1177 animalia
491 1131 576 1175 sub
604 1132 853 1191 potestate:
891 1144 1007 1177 tunc
1043 1149 1152 1178 vero
1188 1151 1212 1178 e
1242 1133 1500 1178 fabricatio-

241 1206 380 1250 nibus
416 1203 736 1248 aedificiorum
770 1204 994 1266 gradatim
1039 1206 1250 1268 progressi
1287 1206 1346 1250 ad
1379 1219 1501 1252 cete-

238 1294 305 1324 ras
330 1288 443 1321 artes
465 1275 506 1321 86
540 1275 823 1336 disciplinas,
861 1292 885 1321 e
919 1276 1012 1322 fera
1041 1278 1296 1339 agrestique
1320 1278 1411 1323 vita
1441 1278 1502 1323 ad

238 1349 525 1394 mansuetam
569 1347 894 1407 perduxerunt
945 1349 1301 1394 humanitatem.
1366 1352 1496 1396 Tum

239 1432 397 1466 autem
425 1421 696 1465 instruentes
719 1419 923 1465 animose
953 1420 996 1466 86
1026 1422 1380 1482 prospicientes,
1406 1439 1501 1467 ma·-

238 1494 417 1540 ioribus
449 1494 810 1557 cogitationibus
844 1510 902 1539 ex
921 1495 1136 1538 varietate
1162 1495 1330 1538 artium
1357 1494 1499 1550 natis,

240 1583 341 1612 non
370 1567 512 1622 casas,
549 1566 626 1610 sed
665 1567 802 1611 etiam
844 1566 1012 1610 domos
1044 1566 1257 1610 fundatas
1291 1582 1351 1610 ex
1385 1568 1498 1611 late-

236 1638 347 1683 Jitiis
371 1637 620 1698 parietibus
642 1671 654 1691 ‚
690 1648 770 1681 aut
807 1654 830 1681 e
856 1636 1009 1697 lapide
1041 1634 1223 1682 strutus
1241 1671 1253 1692 ‚
1291 1639 1500 1682 materia·

239 1725 334 1770 que
363 1710 569 1771 &tegula
598 1705 754 1764 mistas,
776 1710 994 1769 perficere
1015 1719 1301 1769 coeperunt:
1327 1709 1498 1755 deinde

238 1781 639 1826 observationibus
661 1781 920 1826 studiorum
956 1781 1256 1844 evagantibus
1283 1782 1460 1827 iudiciis
1480 1816 1495 1838 ,

240 1869 296 1900 ex
317 1853 499 1897 incertis
519 1854 578 1897 ad
607 1865 745 1898 certas
769 1853 1141 1913 symmetriarum
1171 1854 1371 1898 rationes
1393 1869 1498 1913 per-

238 1925 507 1970 duxerunt:
538 1925 834 1984 posteaquam
869 1925 1302 1970 animadverterunt
1327 1924 1497 1984 profu-

237 1997 307 2042 sos
338 1995 421 2042 ess'e
450 2011 606 2057 partus
634 1997 692 2041 ab
720 2010 881 2042 natura
904 1998 1147 2053 materiae,
1185 1998 1225 2042 86
1252 1997 1497 2042 abundan-

238 2082 336 2115 tem
375 2071 558 2129 copiam
597 2069 655 2113 ad
699 2069 1038 2115 aedificationes
1071 2068 1131 2113 ab
1177 2086 1229 2114 ea
1259 2085 1498 2129 compara·

237 2154 361 2199 tam,
392 2137 632 2186 trafflando
666 2141 995 2197 nutriverunt,
1031 2141 1071 2187 86
1106 2139 1286 2186 augiam
1318 2159 1401 2202 per
1432 2158 1499 2186 ar-

238 2226 305 2259 tes
349 2224 629 2258 ornaverunt
657 2212 980 2271 voluptatibus
1021 2213 1078 2257 ad
1120 2214 1396 2275 elegantiam
1427 2212 1497 2258 vi·-

238 2295 323 2328 tae.
358 2284 502 2346 Igitur
537 2282 595 2327 de
629 2282 695 2327 his
727 2282 862 2327 rebus
895 2298 1015 2342 quae
1054 2284 1160 2327 sunt
1198 2282 1246 2326 in
1282 2281 1496 2327 aedificiis

239 2356 299 2399 ad
330 2357 463 2400 usum
494 2355 686 2400 idoneae
705 2388 718 2411 ‚
754 2355 1026 2414 quibusque
1048 2355 1135 2399 sint
1167 2355 1496 2414 qualitatibus,

242 2425 284 2470 8<
304 2444 416 2486 quas
443 2427 640 2472 habeant
668 2427 883 2482 virtutes,
908 2439 959 2471 ut
978 2438 1145 2487 potero
1166 2460 1178 2482 ‚
1207 2427 1368 2470 dicam.
1403 2423 1496 2469 Sed

240 2496 269 2542 si
300 2498 400 2557 quis
434 2499 492 2543 de
523 2497 683 2544 ordine
711 2497 847 2543 huius
881 2497 983 2544 libri
1014 2498 1245 2558 disputare
1266 2495 1492 2553 voluerit,
