1600 2902
279 184 370 232 252
433 169 498 214 M.
531 167 824 214 VITRUVII
857 168 942 214 DE
967 170 1217 219 ARCHIT.
1249 173 1298 218 L.
1328 172 1454 218 VIII.

274 274 404 336 gne-is
428 273 614 318 ferratis.
650 275 909 320 Parietibus
937 277 1118 322 calcatis
1146 280 1192 323 in
1220 280 1382 325 medio
1409 279 1547 339 quod

275 347 362 391 erit
379 359 620 392 terrenum
642 348 932 394 exinaniatur
955 349 1011 393 ad
1034 350 1369 397 libramentum
1392 353 1544 397 imum

271 420 508 480 parietum
527 455 540 477 ,
580 421 620 466 8c
649 434 912 480 exaequato
942 422 1040 466 solo
1073 439 1131 466 ex
1163 425 1331 470 eodem
1367 436 1544 470 morta-

271 493 341 536 rio
363 494 563 538 calcetur
586 495 915 553 pavimentum
947 497 1004 540 ad
1036 495 1395 553 craslitudinem‚
1414 514 1538 557 quae

272 565 521 611 constituta
549 567 701 612 fuerit.
742 569 803 613 Ea
839 581 999 613 autem
1030 570 1132 614 loca
1165 569 1195 612 si
1232 569 1433 629 duplicia
1461 581 1543 615 aut

270 637 467 698 triplicia
495 637 609 685 fasta
639 639 813 685 fuerint
833 674 846 696 ‚
887 641 956 685 uti
977 639 1372 701 percolationibus
1391 657 1543 700 aquae

270 713 564 757 transmutari
585 713 769 772 possint,
790 714 944 757 multo
964 712 1266 757 salubriorem
1288 711 1384 756 eius
1404 712 1542 758 usum

270 785 481 831 efficient.
516 785 678 831 Limus
710 787 834 831 enirn
868 801 979 830 cum
1012 785 1225 830 habuerit
1259 800 1356 843 quo
1397 784 1543 829 subsi-

268 856 374 913 dat,
407 859 647 918 limpidior
676 876 797 919 aqua
828 858 938 914 fiet,
969 858 1009 904 Sc
1044 858 1136 902 fine
1168 856 1396 901 odoribus
1428 871 1542 901 con·

265 928 464 974 servabit
508 930 751 990 saporem:
788 931 820 975 fi
861 947 993 986 non,
1035 930 1172 975 salem
1211 928 1320 972 addi
1363 927 1540 975 necesse

266 1001 380 1057 erit,
412 1002 453 1048 82⁸
482 1004 735 1048 extenuari.
775 1004 913 1072 Quae
950 1004 1089 1064 potui
1123 1002 1181 1046 de
1213 1018 1360 1060 aquae
1389 1002 1540 1048 virtu-

264 1085 311 1118 te
339 1074 379 1120 8<
409 1076 626 1122 varietate
646 1112 659 1132 ‚
690 1094 902 1137 quasque
935 1077 1106 1122 habeat
1137 1075 1356 1120 utilitates
1377 1109 1390 1130 ‚
1425 1075 1536 1133 qui-

264 1146 450 1207 busque
476 1151 732 1195 rationibus
763 1151 959 1196 ducatur
990 1150 1031 1196 85
1059 1149 1290 1210 probetur
1312 1182 1325 1203 ,
1359 1148 1408 1192 in
1442 1148 1535 1193 hoc

262 1222 509 1267 volumine
540 1224 699 1284 posui:
748 1224 808 1269 de
843 1224 1136 1286 gnomonicis
1176 1238 1288 1267 vero
1320 1220 1459 1266 rebus
1491 1221 1535 1269 Sc

262 1293 621 1360 horologiorum
647 1296 908 1344 rationibus
926 1297 974 1341 in
994 1295 1209 1356 sequenti
1232 1292 1530 1356 perscribam.
