1600 2902
283 157 365 207 DE
396 156 894 206 ARCHITECTURA
928 158 1038 206 LIB.
1074 158 1159 206 IX.
1259 160 1351 225 285

88 267 308 313 horarum
336 266 487 326 spatia.
532 265 726 326 Aquarii
754 282 866 312 vero
895 266 1194 328 Pisciumque
1229 285 1357 329 pnn-

90 336 196 395 fiis,
226 339 296 386 uti
321 338 536 402 gradibus
564 339 815 395 scandens,
843 339 1040 385 orbiculi
1072 339 1281 386 foramen
1305 341 1356 386 in

89 411 246 458 Ariete
281 412 519 475 tangendo
554 408 765 458 0&avam
804 425 1014 472 partem,
1052 430 1201 472 aquae
1233 425 1356 458 tem-

87 495 247 547 perate
275 485 452 530 salienti
483 486 676 546 praestat
706 483 1069 544 aequinociiales
1092 487 1236 530 horas.
1277 485 1354 531 Ab

88 558 247 604 Ariete
284 575 367 620 per
392 559 534 604 Tauri
564 560 605 605 86
634 559 949 604 Geminorum
980 558 1121 618 spatia
1153 559 1212 603 ad
1237 559 1358 604 snm-

84 649 163 678 ma
200 632 362 677 Cancri
398 628 605 693 puntia,
639 629 779 691 partis
820 628 1006 675 ociavae
1038 630 1249 676 foramen
1274 630 1355 676 seu

87 705 374 767 tympanum
400 703 731 750 versationibus
765 719 989 765 peragens
1008 739 1020 758 ,
1051 705 1093 750 86
1122 705 1169 749 in
1198 706 1357 751 aititu-

87 777 251 823 dinem
275 796 331 825 eo
352 778 557 834 rediens,
581 777 757 823 viribus
776 787 1089 833 extenuatur,
1115 780 1157 825 86
1186 778 1246 823 ita
1267 790 1358 823 tar-

88 849 191 897 dius
229 850 426 895 flnendo
472 850 633 894 dilatat
672 850 906 894 morando
945 850 1108 910 spatia,
1143 851 1183 895 86
1220 851 1357 897 efficit

87 924 220 969 horas
254 925 300 970 in
332 924 499 969 Cancri
531 925 657 987 signo
690 923 949 969 solstitiales.
976 922 1018 967 A
1044 924 1223 970 Cancro
1243 941 1356 970 cum

85 998 343 1057 proclinat,
367 998 408 1044 86
439 999 616 1061 peragit
648 1014 731 1058 per
761 997 972 1043 Leonem
1004 998 1045 1043 86
1070 998 1319 1060 Virginem
1341 1033 1356 1055 ,

85 1071 145 1114 ad
184 1071 349 1116 Librae
379 1071 518 1132 partis
551 1068 739 1116 ociavae
771 1067 945 1131 punCia
979 1070 1288 1127 revertendo,
1315 1072 1357 1116 86

85 1142 310 1204 gradatim
341 1143 642 1202 corripiendo
671 1143 810 1203 spatia
831 1177 843 1198 ,
870 1144 1105 1189 contrahit
1130 1143 1288 1201 horas,
1313 1145 1356 1191 86

85 1214 148 1261 ita
179 1217 456 1275 perveniens
486 1215 544 1261 ad
574 1213 747 1276 punCta
770 1216 935 1260 Librae
955 1250 967 1271 ,
992 1213 1356 1275 aequinotffiiales

84 1287 235 1332 rursus
272 1288 428 1333 reddit
466 1290 609 1333 horas.
650 1290 738 1334 Per
769 1287 1037 1348 Scorpionis
1062 1304 1173 1333 vero
1212 1288 1356 1349 spatia

84 1359 126 1406 86
151 1358 381 1422 Sagittarii
411 1360 666 1421 proclivius
698 1359 966 1420 deprimens
991 1359 1078 1405 sese
1118 1360 1358 1417 foramen,

84 1432 367 1493 rediensque
393 1431 756 1480 circnmafflione
785 1434 844 1479 ad
864 1433 1140 1493 Capricorni
1171 1446 1357 1495 partem

84 1503 295 1552 offlavam
320 1542 333 1564 ,
375 1509 630 1553 restituitur
665 1508 897 1553 celeritate
930 1507 1129 1552 salientis
1165 1508 1223 1552 ad
1246 1508 1358 1554 bru-

83 1581 225 1624 males
254 1580 474 1625 horarum
499 1581 758 1626 brevitates.
796 1581 932 1647 Quae
951 1578 1060 1624 sunt
1089 1580 1137 1624 in
1166 1580 1357 1626 horolo-

85 1651 271 1713 giorum
296 1652 685 1713 descriptionibus
709 1653 910 1697 rationes
930 1652 969 1696 86
995 1665 1259 1712 apparatus,
1284 1653 1353 1699 nti

84 1724 173 1768 fint
197 1725 257 1769 ad
288 1725 424 1770 usum
458 1725 802 1785 expeditiores,
842 1741 987 1784 quam
1017 1725 1243 1785 aptisiime
1266 1741 1357 1787 po-

84 1797 155 1840 tui
184 1796 431 1858 perscripsi.
460 1797 611 1841 Restat
642 1811 771 1841 nunc
800 1796 860 1841 de
889 1797 1317 1843 machinationibus
1342 1831 1357 1854 ,

83 1868 126 1914 86
155 1870 216 1914 de
245 1885 403 1915 earum
434 1869 673 1931 principiis
692 1869 964 1915 ratiocinari.
993 1870 1159 1930 Itaque
1180 1872 1238 1916 de
1262 1873 1354 1927 his,

85 1956 137 1988 nt
165 1961 333 2004 corpus
369 1944 674 1990 emendatum
712 1942 1042 1989 architechirae
1069 1945 1355 2005 perficiatur,

85 2016 135 2062 in
158 2017 373 2078 sequenti
409 2018 655 2064 volumine
679 2018 901 2079 incipiam
933 2018 1142 2069 scribere.
