1600 2902
325 182 410 229 DE
442 179 928 228 ARCHITECTURA
963 179 1071 226 Lm.
1106 180 1138 225 Ι.
1301 195 1361 243 37

114 302 180 335 tes
199 323 213 346 ,
242 288 403 334 dextra
430 300 544 345 tres,
576 287 616 332 8c
636 287 801 332 finistra
829 297 918 332 tres
935 286 1003 331 his
1025 287 1267 346 aequaleS,
1291 285 1364 330 di·-

111 360 402 406 stribuendae
427 360 534 405 sunt
556 360 604 404 in
622 370 719 404 tota
736 359 1093 414 rotundatione,
1123 369 1176 403 ut
1196 374 1364 416 aequa·

111 436 173 477 les
208 432 451 477 divisiones
487 427 592 476 οξὶο
624 443 876 475 ventorum
913 430 1168 492 designatae
1201 429 1362 473 sintin

110 505 420 565 descriptione
440 525 452 549 .-
495 516 595 549 tum
621 520 704 563 per
737 505 928 566 angulos
959 504 1078 548 inter
1108 502 1219 547 duas
1247 517 1364 548 ven-

111 589 270 624 torum
294 579 502 641 regiones
518 612 530 634 ,
549 579 590 624 8<
612 579 866 637 platearum
881 612 894 633 ,
920 577 960 622 8ε
982 578 1363 640 angiportorum,

110 651 330 698 videntur
363 652 534 698 debere
576 651 713 712 dirigiv
739 651 1076 711 descriptiones.
1127 651 1208 695 His
1234 650 1362 696 enim

110 724 394 781 rationibus,
426 722 466 769 8c
503 740 553 768 ea
581 723 830 778 divisione,
871 723 1052 767 exclusa
1085 722 1168 766 erit
1203 738 1260 766 ex
1283 721 1364 766 ha-

110 796 421 842 bitationibus
439 795 478 841 Sc
495 796 602 840 vicis
619 828 631 851 ,
658 806 909 839 ventorum
936 795 1002 838 vis
1018 794 1216 839 molesta.
1238 794 1363 838 Cum

111 869 234 913 enim
258 871 437 929 plateae
464 880 624 913 contra
656 865 852 913 directos
891 881 1055 914 ventos
1090 878 1226 912 erunt
1254 882 1364 911 con-

108 941 355 996 formatae,
390 957 445 985 ex
473 952 635 1001 aperto
668 941 784 985 coeli
806 940 949 1002 spatio
986 942 1188 1000 impetus
1216 954 1266 983 ac
1286 936 1364 982 fla-

111 1025 183 1060 tus
227 1014 471 1075 frequens,
523 1014 765 1059 conclusus
801 1014 851 1059 in
897 1013 1107 1059 faucibus
1146 1011 1365 1074 angipor-

109 1099 265 1135 torum
289 1122 303 1145 ,
345 1087 772 1134 vehementioribus
808 1086 986 1133 viribus
1024 1085 1361 1148 pervagabitur.

111 1159 243 1225 Quas
280 1159 344 1204 ob
374 1175 440 1212 res
476 1158 819 1204 convertendae
861 1158 968 1201 funt
996 1159 1053 1202 ab
1095 1156 1363 1219 regionibus

110 1244 381 1288 ventorum,
419 1229 690 1278 directiones
724 1232 963 1287 vicorum,
1011 1232 1078 1277 uti
1109 1231 1366 1275 advenien-

110 1316 177 1349 tes
208 1304 266 1348 ad
290 1306 483 1368 angulos
502 1305 750 1350 insularum
775 1304 1038 1366 frangantur
1055 1339 1066 1361 ,
1095 1304 1362 1364 repulsique

113 1375 394 1436 dissipentur.
447 1376 642 1422 P‘ortaffe
677 1376 969 1422 mirabuntur
999 1377 1055 1432 ii,
1098 1377 1178 1437 qui
1214 1376 1364 1420 multa

111 1460 361 1494 ventorum
398 1449 590 1493 nomina
616 1459 872 1503 noverunt,
912 1447 1049 1506 qnod⁴
1070 1464 1096 1491 a
1122 1447 1258 1492 nobis
1287 1462 1365 1491 ex-

110 1522 311 1581 positum
338 1522 389 1566 sit
416 1521 748 1567 tantummodo
772 1518 876 1565 oCto
896 1519 982 1565 effe
1006 1533 1181 1565 ventos.
1220 1519 1265 1564 Si
1285 1536 1364 1563 au-

111 1606 205 1638 tern
229 1594 669 1649 animadverterint,
711 1593 833 1639 orbis
864 1604 1007 1638 terrae
1038 1592 1363 1638 circuitionem

113 1683 193 1727 per
219 1668 319 1713 solis
349 1668 531 1714 cursum
562 1668 602 1713 Sc
633 1667 880 1731 gnomonis
903 1663 1246 1727 aequinoffialis
1263 1681 1366 1710 um-

110 1740 238 1796 bras,
267 1756 324 1785 ex
350 1741 648 1786 inclinatione
681 1741 822 1797 coeli,
862 1740 918 1786 ab
951 1739 1243 1785 Eratosthene
1272 1737 1368 1798 Cy-

113 1829 304 1869 renaeo,
331 1813 587 1858 rationibus
620 1813 980 1876 mathematicis,
1008 1814 1047 1858 Sc
1078 1809 1367 1875 geometricis

114 1885 373 1941 methodis,
403 1885 487 1930 effe
520 1887 759 1930 inventam
790 1886 1107 1931 dueentorum
1133 1884 1368 1944 quinqua-

114 1956 238 2018 ginta
279 1957 428 2003 duum
476 1958 676 2003 milli-um
720 1958 999 2014 stadiorum,
1042 1974 1160 2017 quae
1195 1956 1368 2000 faciunt

114 2027 256 2086 pafl'us
286 2029 424 2074 semel
455 2028 494 2073 Sc
526 2029 672 2073 tricies
718 2030 882 2074 millies
908 2029 1034 2074 misse
1065 2028 1104 2073 Sc
1136 2028 1368 2089 quingen-

117 2099 198 2142 ties
226 2101 376 2154 mille3
412 2101 546 2146 huius
565 2112 720 2146 autern
754 2098 911 2146 ociava
943 2117 1067 2160 parf„
1096 2115 1238 2158 quam
1258 2114 1369 2142 ven-

115 2183 188 2215 tus
203 2183 357 2218 tenere
382 2174 566 2219 vide-tur
583 2209 594 2229 ,
633 2176 693 2219 est
713 2187 780 2219 ter
808 2174 973 2218 millies
994 2174 1119 2217 mille
1140 2172 1179 2216 8c
1201 2170 1370 2214 nonin·

116 2245 290 2306 genties
313 2245 504 2306 trigesies
534 2246 694 2307 septies
731 2247 857 2291 mille
894 2247 935 2292 Sc
969 2246 1113 2306 paffus
1145 2245 1372 2305 quingen-

116 2318 174 2362 ti:
209 2333 306 2372 non
359 2318 602 2363 debebunt
628 2320 808 2376 mirari,
835 2321 863 2363 si
889 2321 935 2364 in
965 2331 1056 2363 tarn
1086 2333 1254 2379 magno
1276 2317 1371 2377 spa-

116 2390 182 2433 tio
218 2406 337 2433 unus
372 2402 536 2435 ventus
572 2393 811 2453 vagando,
851 2390 1371 2437 inclinationibusScre*

119 2460 392 2506 cessionibus
418 2461 654 2506 varietates
672 2463 935 2509 mutatione
959 2463 1090 2508 ssatus
1112 2459 1254 2505 faciat.
1285 2459 1371 2504 Ita-

1023 2526 1121 2587 C3
