1600 2902
275 149 374 199 320
519 130 587 177 Μ.
622 130 915 180 vsrRUvn
947 131 1285 182 Potuouis

569 282 908 331 CAPUT
973 285 1239 333 XVIII.

304 374 380 423 De
409 374 724 440 Catapultarum
756 374 1077 438 balssarumque
1112 377 1439 422 contentionibus
1459 375 1499 422 <b

751 451 1056 511 temperaturis.

338 547 602 594 Sumuntur
634 546 761 608 tigna
796 545 1066 606 amplislima
1100 547 1423 610 longitudine,
1456 547 1534 592 su-

271 635 356 682 pra
389 621 597 682 figuntur
631 618 900 673 cheloniae‚
935 618 982 662 in
1020 618 1194 677 quibus
1224 618 1534 664 includuntur

271 693 471 738 suculae.
517 691 606 736 Per
637 691 788 736 media
824 702 983 736 autem
1015 690 1157 751 spatia
1190 692 1428 754 tignorum
1462 691 1534 735 in·

271 765 488 809 iccantur
523 763 564 809 8c
592 763 874 807 exciduntur
916 762 1124 820 formae,
1155 763 1203 810 in
1242 763 1416 823 quibus
1453 778 1536 807 ex-

274 837 524 882 cifionibus
559 835 870 880 includuntur
915 836 1118 895 capitula
1160 837 1533 895 catapultarum‚

274 908 529 968 cuneisque
556 907 860 962 distinemur,
885 922 945 951 ne
964 907 1012 952 in
1031 906 1417 953 contentionibus
1433 921 1535 949 mo-

272 992 483 1027 veantur.
527 980 656 1026 Tum
694 996 804 1025 vero
848 981 1047 1026 modioli
1084 982 1202 1027 aerei
1238 982 1285 1025 in
1324 997 1375 1025 ea
1409 980 1534 1039 capi-

275 1056 374 1100 tula
398 1053 739 1109 includuntur,
764 1053 805 1099 8c
835 1053 884 1098 in
914 1070 991 1098 eos
1020 1055 1208 1099 cuneoli
1234 1054 1391 1110 ferrei,
1414 1068 1533 1111 quos

271 1127 477 1180 ἔπισχίόας
497 1125 658 1171 Graeci
683 1137 876 1181 vocant,
907 1128 1208 1172 collocantur.
1242 1126 1428 1171 Deinde
1451 1141 1537 1169 an-

271 1194 344 1239 sae
373 1195 634 1241 rudentum
667 1195 901 1242 induntur
931 1212 1014 1257 per
1049 1197 1276 1242 foramina
1302 1196 1534 1256 capitulo-

272 1281 408 1322 rum,
442 1268 484 1312 8c
514 1267 563 1311 in
587 1269 776 1312 alteram
799 1279 982 1328 partem
1006 1269 1326 1314 traiiciuntur:
1357 1266 1531 1312 deinde

272 1338 323 1382 in
355 1338 532 1384 suculas
566 1339 911 1396 coniiciuntur,
947 1342 1356 1400 involvunturque
1390 1336 1532 1383 vetli-

273 1410 388 1467 bus,
410 1412 479 1456 uti
502 1428 584 1472 per
610 1429 679 1456 eas
703 1414 883 1458 extenti
910 1414 1157 1470 rudentes,
1186 1430 1294 1459 cum
1315 1412 1532 1457 manibus

271 1483 380 1527 sunt
398 1480 528 1539 tatii,
561 1486 803 1542 aequalem
827 1488 873 1529 in
906 1497 1110 1545 utroque
1139 1487 1311 1531 sonitus
1331 1485 1532 1529 habeant

273 1554 561 1614 responsum.
613 1554 754 1600 Tunc
798 1568 956 1601 autem
999 1559 1158 1602 cuneis
1199 1557 1256 1601 ad
1306 1556 1531 1601 foramina

273 1628 657 1683 concluduntur,
695 1641 748 1674 ut
779 1645 876 1674 non
908 1630 1078 1690 possint
1105 1630 1148 1675 se
1179 1631 1428 1675 remittere.
1464 1628 1533 1672 Ita

272 1695 446 1742 traieffli
482 1698 530 1741 in
564 1699 752 1743 alteram
787 1711 996 1760 partem,
1030 1702 1191 1746 eadem
1221 1702 1422 1756 ratione,
1452 1715 1534 1744 ve·-

274 1766 425 1815 fflbus
444 1785 527 1829 per
558 1769 733 1816 suculas
768 1773 1119 1829 extenduntur,
1145 1775 1297 1819 donec
1326 1774 1534 1833 aequali-

273 1855 343 1887 ter
367 1842 546 1887 sonent.
581 1843 651 1886 Ita
679 1860 940 1890 cuneorum
973 1847 1347 1892 conclufionibus
1373 1846 1432 1890 ad
1461 1845 1534 1890 so·-

272 1916 428 1958 nitum
467 1914 646 1960 muficis
686 1917 1009 1964 auditionibus
1053 1921 1311 1979 catapultae
1348 1930 1533 1980 tempe·-

272 1995 448 2032 rantur.

600 2095 639 2140 C
674 2093 714 2138 Α
750 2095 785 2139 Ρ
821 2094 863 2139 U
897 2094 942 2138 T
1007 2095 1055 2139 X
1088 2096 1109 2139 I
1144 2095 1205 2141 X.

611 2173 681 2218 De
715 2177 1031 2238 oppugnatoriis
1064 2178 1197 2220 rebus.

339 2260 414 2306 De
439 2260 506 2305 his
525 2262 664 2306 rebus
692 2279 811 2322 quae
839 2263 973 2321 potui
1011 2263 1133 2308 dlxi:
1168 2264 1300 2308 reflat
1325 2264 1437 2308 mihi
1471 2262 1532 2308 de

278 2334 627 2394 oppugnatoriis
651 2336 816 2389 rebus,
855 2336 1264 2393 quemadmodum
1302 2336 1531 2380 machina-

277 2405 485 2450 tionibus
516 2406 556 2452 &
586 2407 723 2452 duces
755 2404 973 2464 nidores,
1009 2408 1049 2454 Sc
1077 2409 1280 2455 civitates
1320 2406 1530 2452 defensae
