1600 2902
253 211 327 245 XX

245 1449 343 1491 1511

505 195 847 244 NOTITIA
895 196 1309 246 LITERARIA

410 315 540 342 rarum
557 332 567 349 ‚
585 299 851 352 interpunffio
868 332 880 349 ‚
908 314 994 342 tota
1023 303 1192 357 denique
1223 304 1438 358 scripturae
1466 321 1528 347 ra-

408 358 468 396 tio
483 386 494 404 ,
527 358 566 395 in
582 355 759 394 editione
782 356 855 394 hac
872 358 1008 396 eadem
1026 357 1148 398 ferme
1162 389 1173 407 ‚
1195 372 1242 398 ac
1270 361 1309 398 in
1335 358 1527 401 Florenti·

410 425 460 450 na
479 410 655 449 editione
673 411 941 462 reperiuntur.
966 412 1128 451 Errores
1142 414 1423 467 typographici
1444 416 1528 470 plu-

410 479 472 504 res
496 465 651 517 potius,
669 477 788 516 quam
812 467 1034 517 pauciores.
1066 466 1202 506 Verba
1232 467 1391 507 Graeca
1417 469 1527 509 Lati-

409 521 472 558 nis
499 519 622 558 literis
647 518 837 558 nonnulla
853 550 865 568 ,
897 519 1088 559 nonnulla
1113 533 1214 560 vero
1243 521 1368 561 literis
1394 522 1527 563 Grae-

411 574 528 612 eisin
548 573 609 612 ed.
634 573 706 611 hac
731 572 910 625 impreffa
938 573 1063 614 fuere.
1105 574 1185 614 Ubi
1210 587 1344 614 autem
1370 575 1410 614 in
1438 577 1521 616 Lib.

410 626 522 666 vill.
548 626 693 667 Graeci
719 626 860 667 versus
884 626 960 668 effe
989 629 1206 676 deberent,
1246 641 1374 668 vacua
1401 629 1523 682 spatia

409 681 539 720 reliGta
562 681 661 720 sunt.
694 681 1036 735 Transposttiones
1054 683 1309 734 periodorum
1322 713 1333 730 ‚
1350 682 1436 723 sive
1454 684 1525 723 sal-

410 747 474 775 tus
500 737 540 774 in
564 735 731 788 septimo
749 736 851 775 libro
865 767 875 785 ‚
896 737 1018 776 modo
1037 735 1074 775 se
1091 736 1237 776 habent
1253 738 1395 775 eodem
1408 768 1419 784 ‚
1439 752 1522 791 quo

408 790 449 828 in
476 790 673 841 prioribus
707 789 791 828 edd.
829 790 1038 843 perpaucis
1068 790 1205 843 figuris
1231 791 1330 829 haec
1357 804 1522 844 quoque

408 844 532 883 editio
559 856 702 883 ornata
729 843 807 891 est3
841 844 1021 883 nimirum
1049 844 1123 884 iliis
1158 843 1411 883 Florentinae
1435 845 1522 883 edi-

407 899 555 945 tionis,
587 898 821 949 duabusque
854 909 1007 938 tantum
1041 897 1125 937 aliis
1153 897 1313 950 insuper
1334 897 1520 939 adieffls:

405 952 531 991 altera
549 951 598 990 ad
621 964 709 1005 cap.
732 965 764 990 1.
788 951 896 991 Libri
924 952 952 990 I.
978 953 1041 991 cui
1059 951 1206 991 musica
1224 951 1418 1004 quaedam
1436 965 1522 992 ver-

405 1006 453 1044 ba
471 1005 687 1059 adscripta;
713 1006 835 1045 altera
860 1006 907 1044 ad
938 1018 1024 1059 cap.
1053 1018 1085 1044 x.
1117 1006 1219 1045 Libri
1244 1005 1313 1043 lX.
1349 1005 1521 1058 quadra-

407 1071 492 1099 tum
520 1059 772 1099 reticulatum
799 1060 1023 1099 exhibente.
1056 1059 1245 1099 Ceterum
1265 1059 1463 1111 aliquibus
1478 1060 1520 1099 in

404 1113 505 1153 locis
525 1125 669 1153 tenues
694 1114 887 1166 quaedam
917 1114 1132 1153 verborum
1156 1113 1401 1152 mutationes
1425 1113 1519 1164 pos-

405 1167 496 1208 sunt
510 1166 739 1216 observari,
759 1167 904 1220 quibus
918 1167 1132 1207 nonnullae
1157 1177 1334 1206 tentatae
1357 1166 1519 1206 fuerunt

404 1222 706 1261 emendationes
715 1236 728 1269 3
757 1221 845 1269 sed,
872 1221 911 1260 id
934 1235 1028 1260 num
1044 1220 1188 1260 facetum
1206 1219 1328 1259 fuerit
1350 1220 1519 1260 alicuius

403 1275 570 1315 Codicis
596 1274 790 1323 subsidio,
824 1275 892 1314 vel
923 1274 1173 1322 contentari,
1205 1275 1382 1327 nuspiam
1407 1285 1455 1312 ea
1476 1276 1517 1313 in

403 1330 467 1368 ed.
487 1340 683 1368 narratur.
700 1346 722 1366 ιι
752 1330 901 1368 Polenus
921 1329 946 1368 l.
969 1342 1004 1369 c.
1026 1341 1114 1383 pag.
1142 1342 1186 1380 17
1203 1328 1258 1381 sq.
1272 1328 1327 1359 —'-
1345 1327 1409 1368 Cf.
1424 1328 1517 1366 Pan-

405 1395 472 1422 zer
496 1383 616 1423 Tom.
638 1382 701 1422 111.
725 1396 812 1436 pag.
839 1397 928 1436 4¹3r

397 1438 456 1476 M.
495 1437 682 1476 Vitruvius
704 1454 768 1490 per
798 1438 984 1476 locandum
1003 1436 1114 1488 sblito
1150 1435 1347 1488 castigatior
1371 1434 1514 1488 fabius,

401 1504 476 1530 cum
491 1492 618 1543 figuris
648 1491 683 1528 62
701 1491 845 1536 tabula,
871 1504 910 1528 ut
928 1492 998 1528 iam
1022 1492 1090 1542 legi
1110 1491 1144 1527 6³
1165 1491 1310 1542 intelligi
1326 1492 1437 1541 poffit.
1468 1489 1513 1527 In

402 1543 506 1583 fine:
539 1543 735 1598 Impreffitm
765 1544 799 1580 V
798 1545 916 1583 enctiis
941 1559 985 1582 ac
1005 1543 1116 1595 magis
1135 1558 1236 1595 quam
1263 1558 1415 1594 unquam
1437 1544 1514 1581 aliv-

397 1613 465 1651 quo
488 1598 561 1636 alio
587 1610 730 1650 tempore
748 1600 981 1636 emendatum:
1008 1597 1154 1650 sumptu
1184 1597 1338 1648 miraque
1363 1597 1514 1647 diligen-

399 1652 451 1690 tia
480 1652 628 1691 Ioannis
658 1653 698 1689 de
731 1654 762 1690 T
762 1652 872 1690 ridino
897 1652 990 1690 alias
1017 1651 1186 1690 Tacuino.
1229 1653 1338 1689 Anno
1366 1651 1515 1690 Domini

396 1706 458 1744 M.
474 1707 529 1745 D.
547 1707 621 1747 XI.
634 1705 689 1743 die
704 1717 828 1746 XXII.
847 1705 959 1745 Maii.
987 1705 1167 1756 Regname
1180 1704 1298 1743 inclito
1310 1706 1410 1744 Duce
1429 1704 1513 1742 Leo-

399 1761 509 1799 nardo
529 1759 742 1798 Lauredano.
762 1757 830 1798 fol.
850 1779 905 1789 -
944 1758 1104 1798 Novam
1130 1757 1400 1798 recensionem
1425 1769 1513 1796 tex-

400 1824 467 1853 tus
486 1813 718 1852 Vitruviani
745 1812 819 1851 hac
846 1813 907 1852 ed.
937 1812 1103 1851 instituit
1128 1811 1356 1858 Iocundus‚
1383 1810 1511 1850 adeo—

401 1881 480 1919 que
498 1866 808 1918 frequentiffime
830 1879 852 1905 a
873 1865 1121 1919 superiorum
1138 1867 1225 1905 edd.
1252 1865 1419 1904 lenione
1436 1864 1511 1903 dis·

401 1921 520 1962 ceffit.
562 1921 660 1973 Qua
686 1931 788 1960 vero
810 1925 966 1960 ratione
994 1918 1031 1958 se
1057 1918 1233 1972 gesserit,
1265 1929 1308 1957 ut
1334 1918 1511 1958 Vitruvii

402 1976 526 2014 libros
541 1975 791 2022 emendaret,
823 1974 900 2028 ipse
922 1973 1107 2027 patefacit
1128 1974 1170 2012 in
1190 1972 1362 2026 Epistola
1379 1972 1427 2010 ad
1449 1971 1511 2011 Iu·

399 2029 494 2069 lium
515 2028 567 2069 11.
596 2028 711 2068 Pont.
745 2030 851 2067 Max.
877 2041 956 2079 qua
983 2028 1109 2068 eidem
1141 2026 1259 2066 Pont.
1292 2026 1507 2065 editionem

398 2083 498 2123 hanc
521 2092 750 2136 nuncupat:
779 2085 943 2134 quando,
974 2082 1051 2130 ait,
1085 2081 1153 2132 (ut
1172 2080 1412 2132 intelligerem)
1439 2095 1508 2118 non

392 2140 467 2190 fine
494 2138 598 2177 multo
620 2138 743 2188 firdore
767 2138 801 2174 δ’
827 2136 1041 2188 laffitudine:
1069 2136 1142 2173 eius
1168 2136 1269 2174 verba
1300 2133 1336 2172 δ’
1347 2134 1509 2186 senfittn:

403 2208 476 2231 cum
497 2192 673 2229 ruinarum
699 2202 902 2243 veterumqm
925 2190 1161 2240 aedificiorum
1179 2187 1325 2241 reliquiis
1351 2204 1400 2227 me
1420 2203 1507 2228 con-

399 2246 512 2297 tulrffe
531 2246 727 2294 nommfit:
747 2260 816 2283 non
842 2245 941 2298 semel
969 2245 1089 2282 modo.-
1108 2242 1284 2293 fi’dsacpc
1304 2242 1338 2279 ὃ·
1354 2256 1507 2280 numero·

394 2299 447 2351 Jh.
481 2302 534 2337 At
548 2300 613 2337 hoc
630 2299 733 2336 etiam
755 2299 885 2350 (tanta
905 2296 1075 2347 milzifuit
1102 2296 1174 2335 eius
1193 2300 1241 2334 rei
1259 2294 1369 2347 cura)
1384 2310 1505 2347 parum

400 2352 512 2403 vifizm
535 2351 680 2404 suiſj'et:
707 2354 745 2403 fi
769 2352 872 2403 ipsius
903 2351 1052 2389 aufforis
1077 2350 1241 2402 integram
1274 2348 1504 2400 habuzffemus

400 2408 591 2445 lationem.-
611 2421 711 2458 quam
727 2406 807 2456 quia
821 2419 902 2455 pene
921 2417 1026 2443 totam
1049 2417 1242 2457 corruptam
1262 2402 1384 2454 offindi
1403 2424 1424 2431 —
1443 2424 1464 2432 -
1481 2424 1505 2432 -

401 2463 480 2498 c'um
512 2462 646 2513 fingula
674 2460 860 2511 perquirere
893 2458 1008 2511 coepi:
1041 2461 1090 2497 ad
1119 2460 1264 2510 antiqua
1298 2456 1503 2508 exemplaria

401 2524 562 2567 tanquam
581 2516 629 2553 ad
653 2514 773 2566 ansam
796 2513 1038 2566 dignoscendae
1056 2514 1103 2553 rei
1120 2525 1170 2551 me
1194 2511 1349 2551 contuli.-
1372 2523 1431 2549 nec
1457 2514 1505 2548 acl
