1600 2902
210 197 293 246 DE
325 193 816 243 ARCHITECTURA
856 191 967 239 LIB.
1003 192 1086 238 lx.
1194 195 1289 256 269

22 318 306 372 pervagatur,
362 307 526 367 Itaque
569 316 687 365 quot
728 304 963 351 mensibus
1010 303 1095 347 sub
1136 312 1287 347 rotam

20 384 123 430 solis
162 381 411 440 radiosque
458 380 611 440 primo
648 379 723 423 die
769 389 1020 436 antequam
1068 376 1289 435 praeterit

22 458 167 502 latens
194 454 465 500 obscuratur
483 488 494 508 ,
519 454 559 499 86
588 452 815 512 quoniam
843 451 904 494 est
919 466 1025 495 cum
1047 448 1179 503 Sole,
1210 464 1291 492 no·

20 546 76 575 va
92 538 316 573 vocatur:
346 526 528 586 postero
560 536 719 569 autem
753 523 853 578 die,
887 539 986 582 quo
1014 532 1288 566 numeratur

18 599 247 655 secunda,
289 599 568 658 praeteriens
602 614 623 640 a
657 594 794 650 Sole,
830 594 1140 639 visitationem
1183 592 1290 637 facit

21 683 215 718 tenuem
249 681 484 716 extremae
515 667 876 714 rotundationis.
915 666 1040 710 Cum
1073 667 1290 711 triduum

17 746 191 791 receffit
212 762 234 790 a
252 744 358 790 Sole
376 779 388 801 ‚
418 743 603 799 crescit,
637 742 678 789 86
709 743 812 802 plus
836 741 1150 786 illuminatur:
1176 757 1294 800 quo·

20 817 135 862 tidie
158 834 269 862 vero
295 816 558 870 discedens,
602 830 711 860 cum
741 813 957 873 pervenit
983 813 1042 858 ad
1069 813 1193 857 diem
1227 812 1292 857 se-

18 888 257 948 ptimum,
305 888 469 932 distans
503 903 526 931 a
558 885 667 931 Sole
702 883 950 929 occidente
985 883 1165 928 circiter
1195 900 1295 928 rne-

22 960 116 1005 dias
143 961 260 1005 coeli
296 959 529 1022 regiones,
563 957 756 1002 dimidia
779 957 929 1011 lucet,
964 956 1005 1002 86
1037 956 1133 1001 eius
1168 973 1289 1015 quae

21 1033 80 1082 ad
104 1031 262 1077 Solem
295 1048 395 1091 pars
423 1027 616 1091 ἷρεᾶὶειῑ,
645 1047 697 1076 ea
730 1031 791 1074 est
819 1028 1094 1074 illuminata.
1135 1029 1291 1096 Quar-

21 1115 72 1150 to
97 1117 254 1150 autem
286 1105 472 1150 decimo
510 1104 615 1159 die,
655 1119 763 1153 cum
802 1102 851 1147 in
884 1101 1114 1147 diametro
1145 1102 1291 1162 spatio

22 1178 166 1224 totius
200 1178 368 1223 mundi
397 1177 511 1222 abfit
540 1193 565 1221 a
599 1175 736 1231 Sole,
770 1175 1008 1235 perficitur
1043 1176 1210 1235 plena,
1250 1175 1293 1221 86

24 1250 173 1296 oritur
212 1268 322 1295 cum
356 1250 435 1295 Sol
475 1250 528 1295 sit
560 1249 619 1294 ad
648 1248 972 1302 occidentem,
1014 1247 1124 1298 ideo
1156 1247 1295 1306 quod.

24 1334 185 1369 totum
215 1324 412 1384 spatium
458 1323 630 1368 mnndi
668 1322 833 1367 distans
865 1321 1065 1366 confistit
1099 1333 1293 1377 contra,

22 1398 63 1444 86
97 1399 279 1458 impetu
309 1398 424 1443 Solis
453 1398 595 1442 totius
635 1395 755 1440 orbis
791 1396 841 1440 in
873 1395 916 1440 se
947 1396 1112 1456 recipit
1142 1396 1298 1455 splen·

23 1470 201 1515 dorem.
236 1470 449 1531 Septimo
489 1470 674 1515 decimo
723 1469 799 1512 die
840 1484 950 1514 cum
991 1468 1071 1523 Sol
1114 1469 1292 1525 oritur,

22 1561 74 1590 ea
106 1544 250 1605 preffa
284 1545 347 1590 est
377 1545 435 1589 ad
464 1544 773 1590 occidentem.
809 1542 1045 1605 Vigefimo
1076 1542 1117 1588 86
1145 1543 1294 1588 altero

23 1617 98 1668 die
139 1634 249 1665 cum
288 1617 369 1663 Sol
411 1618 472 1662 est
517 1628 729 1671 exortus,
777 1616 912 1661 Luna
949 1626 1079 1660 tenet
1113 1616 1294 1662 circiter

24 1689 198 1735 medias
237 1690 354 1735 coeli
393 1689 631 1752 regiones,
681 1688 721 1734 8c
753 1687 802 1733 id
848 1688 982 1747 quod
1019 1684 1192 1747 spefflat
1231 1687 1294 1732 ad

26 1759 214 1816 Solem,
267 1761 407 1805 habet
453 1761 697 1814 lucidum,
749 1760 797 1804 in
846 1759 1036 1818 reliquis
1085 1759 1293 1804 obscura.

23 1832 142 1877 Item
165 1832 381 1892 quotidie
411 1832 597 1877 cursum
630 1831 875 1886 faciendm
915 1830 1094 1876 circiter
1126 1828 1292 1880 offlavo
1357 1837 1365 1844 '

24 1905 65 1950 86
98 1906 317 1968 vigesimo
351 1905 426 1949 die
456 1903 580 1949 subit
613 1903 764 1949 radios
799 1902 944 1957 Solis,
982 1902 1023 1947 86
1058 1902 1120 1947 ita
1157 1917 1295 1945 men-

24 1976 161 2021 ssru‘as
186 1977 368 2036 perficit
394 1976 603 2021 rationes.
629 1976 770 2022 Nunc
793 1987 844 2021 ut
872 1975 917 2019 in
955 1973 1141 2037 singulis
1158 1990 1294 2018 men-

24 2048 145 2094 sibus
174 2048 254 2094 Sol
288 2050 409 2111 figna
443 2049 723 2108 pervadensm
759 2061 897 2110 auget
927 2050 966 2094 86
1000 2048 1174 2093 minuit
1197 2048 1294 2093 die-

27 2137 134 2165 rum
170 2121 211 2169 8c
243 2122 462 2166 horarum
501 2121 671 2181 spatia,
706 2121 870 2166 dicam.

280 2234 660 2280 -CAPUT
726 2233 813 2278 ΙΙ.
884 2232 999 2294 (V.)

212 2323 281 2368 De
310 2324 422 2368 Solis
459 2325 581 2384 cursa
615 2342 692 2388 per
723 2324 1103 2384 duoclecimfigna.

93 2414 132 2459 Is
166 2430 374 2474 namque
411 2431 518 2460 cum
558 2415 722 2460 Arietis
751 2416 930 2477 signum
967 2415 1080 2468 init,
1121 2413 1159 2458 86
1193 2430 1293 2474 par⁴

26 2498 123 2534 tem
151 2484 362 2534 ostavam
394 2500 669 2549 pervagatur
688 2523 708 2546 ,‚
733 2485 1291 2548 perticitnequinozssium
