1600 2902
243 193 302 230 lv
494 184 560 230 M.
596 184 891 231 VITRUVII
922 185 1268 236 POLLIONIS

237 306 302 346 que
333 290 523 344 scripturis
557 306 606 331 me
641 293 821 331 deleamus
844 307 902 332 eas
933 295 1145 348 poffiffiones
1174 300 1293 338 animo
1326 299 1472 353 paravi,
1499 318 1517 341 e

237 356 361 409 quibus
385 357 467 394 haec
494 357 536 406 esi
549 354 724 405 fruHuum
747 355 908 407 summa,
940 358 1074 396 nullam
1098 361 1181 412 plus
1209 362 1355 400 habendi
1379 364 1516 414 net-‘effi-

237 429 366 465 tatem,
389 431 526 468 eamque
552 416 614 469 effe
636 418 876 469 proprietatem
910 420 1136 467 divitiarum,
1164 424 1313 462 maxime
1341 425 1431 463 nihil
1453 427 1516 464 de-

227 482 388 534 fiderare.
418 479 606 519 Honestis
630 479 750 532 igitur
777 482 1008 533 parentibus
1025 512 1035 529 ,
1063 482 1103 522 ὃ(
1131 484 1301 526 honesto
1325 486 1417 527 loco
1438 501 1514 526 na-

238 552 350 590 tum,
370 553 418 580 ex
447 540 558 580 dietis
584 539 699 581 facile
722 541 969 595 colligimus,
996 543 1143 583 divitiis
1167 557 1300 586 autem
1324 548 1425 588 haud
1445 549 1514 588 iti-

237 604 328 644 dem
360 601 591 651 abundasse,
619 601 682 642 sed
713 615 788 643 nec
827 616 894 644 eas
926 618 1089 658 magnas
1124 607 1240 646 avide
1274 608 1340 649 fibi
1369 622 1511 664 parare

237 664 504 713 contendisse,
538 666 662 705 immo
704 679 866 706 auream
897 669 1032 720 potius
1073 668 1387 710 mediocritatem
1413 672 1512 711 ada-

235 727 379 776 maffe,
411 740 501 767 cum
530 727 636 767 bona
663 726 765 767 fama
787 743 796 766 τ
820 729 931 782 quod
954 730 993 768 &
1020 729 1185 783 ipsemet
1203 732 1425 786 Augustum
1450 734 1514 773 al·-

235 791 407 842 loquens
424 821 434 838 ,
453 791 625 843 ingenue
651 789 906 844 protestatur.
937 790 983 830 In
1011 791 1186 833 scientiis
1212 806 1346 833 autem
1379 795 1421 834 δε
1447 796 1513 835 di·-

233 852 406 905 sciplinis
430 865 584 892 tantum
608 851 860 893 solummodo
885 853 1118 906 profeciffe,
1149 867 1342 908 quantum
1373 856 1513 897 archi-

233 916 340 956 re&o
376 914 431 955 sat
463 914 575 960 effer,
605 927 679 954 nec
717 914 906 955 summam
937 928 1070 957 rerum
1105 919 1377 970 cognitionem
1411 932 1511 972 pro-

233 976 408 1025 curasse,
435 987 577 1015 contra
599 975 731 1028 Pythii
754 976 983 1017 sententiam
1003 1007 1014 1025 ,
1055 977 1116 1017 his
1140 979 1275 1018 verbis
1294 979 1419 1032 palam
1448 978 1511 1018 fe·-

232 1041 315 1078 cit:
347 1039 442 1091 Ergo
467 1037 562 1088 satis
597 1039 729 1077 abunde
759 1040 894 1077 videtur
912 1038 1060 1091 feczffi,
1103 1040 1161 1091 qui
1195 1055 1237 1078 ex
1263 1041 1419 1093 fingulis
1445 1043 1512 1080 do·-

232 1101 349 1140 urinis
377 1113 495 1154 partes
521 1101 555 1138 6¹
593 1101 742 1140 rationes
774 1116 887 1140 earum
919 1102 1123 1141 mediocriter
1157 1103 1259 1140 habet
1292 1115 1395 1141 notas
1420 1117 1506 1148 eas,

234 1182 320 1217 quae
347 1166 544 1217 necffzriae
566 1167 653 1219 sunt
677 1168 728 1205 ad
759 1167 1036 1213 architeffluram,
1068 1179 1109 1206 ut
1135 1169 1171 1219 si
1202 1167 1288 1221 quid
1311 1169 1349 1205 de
1377 1168 1429 1205 his
1456 1183 1508 1206 re·-

233 1230 298 1267 bus
320 1230 353 1267 6³
387 1230 519 1268 artibus
553 1230 702 1269 iudicare
734 1230 768 1268 6³
789 1230 935 1283 probare
966 1243 1052 1283 opus
1076 1228 1211 1281 fuerit,
1248 1246 1288 1268 ne
1316 1230 1508 1281 deficiatur.

234 1292 363 1332 Cuius
397 1293 555 1345 quidem
590 1291 749 1331 affertio
780 1293 989 1331 maximam
1030 1305 1122 1332 cum
1149 1304 1196 1331 ea
1222 1291 1342 1332 habet
1378 1292 1510 1332 affini-

233 1364 388 1402 tatem,
423 1367 540 1406 quam
569 1352 827 1408 Philosophus
867 1354 907 1393 in
944 1350 1028 1407 ipso
1064 1353 1274 1392 moralium
1309 1353 1508 1393 Nicoma-

233 1416 419 1455 chiorum
450 1414 645 1454 vestibulo
672 1408 866 1467 pilotulit,
895 1427 1066 1467 nempe,
1105 1415 1226 1453 eruditi
1251 1415 1339 1468 ff,
1369 1427 1510 1453 eatenus

231 1482 383 1516 exaaam
403 1477 439 1514 in
465 1490 666 1529 unoquoque
687 1489 799 1528 genere
825 1475 1089 1528 explicationem
1117 1476 1298 1527 requirere,
1341 1489 1510 1527 quatenus

228 1543 307 1595 pati
334 1541 439 1593 ipsius
473 1540 519 1578 rei
553 1551 682 1577 natura
703 1541 822 1592 potest.
874 1538 1017 1591 Itaque
1046 1550 1097 1577 ne
1129 1550 1220 1578 eum
1254 1538 1505 1592 Imperator,

233 1602 342 1655 quast
366 1603 406 1641 in
434 1599 644 1654 disciplinis
669 1599 813 1639 leviter
832 1599 1031 1639 versatum
1049 1630 1061 1647 ,
1086 1600 1418 1653 reprehenderet,
1447 1601 1506 1640 his

233 1666 367 1707 verbis
388 1665 588 1705 occurrit:
619 1664 705 1702 Peto
732 1679 754 1702 a
778 1675 829 1710 te,
859 1662 1009 1715 Caesar,
1026 1662 1061 1701 6³
1087 1663 1133 1701 ab
1162 1663 1246 1701 aliis
1262 1663 1322 1715 qui
1344 1676 1417 1701 mea
1440 1678 1508 1701 vo·-

232 1730 365 1768 lumina
383 1728 470 1780 sunt
497 1726 637 1773 leffuri,
665 1738 705 1764 ut
732 1729 769 1778 fi
798 1727 882 1779 quid
909 1740 1034 1778 parum
1067 1727 1117 1764 ad
1148 1726 1236 1764 artis
1262 1724 1506 1778 gratuiti-nicae

231 1793 382 1843 regulam
405 1790 516 1842 fuerit
539 1789 773 1842 explicatum,
802 1788 1012 1841 ignoscatur.
1061 1789 1222 1840 Namque
1245 1802 1312 1825 non
1339 1787 1390 1826 uti
1402 1788 1503 1838 fiem-

232 1868 308 1894 mus
334 1852 595 1906 Philosophus,
623 1866 682 1890 nec
702 1851 833 1889 Rhetor
851 1849 1016 1902 disertus,
1045 1863 1105 1889 nec
1127 1848 1383 1888 Grammaticus
1399 1847 1503 1897 sum-

232 1914 297 1953 mis
324 1913 518 1951 rationibus
543 1911 628 1950 artis
667 1910 898 1957 exercitatus,
919 1909 986 1962 sed
1015 1921 1055 1948 ut
1080 1909 1302 1949 Architeuus
1324 1909 1376 1946 his
1396 1909 1501 1946 literis

233 1975 411 2020 imbutus,
437 1976 519 2013 lzaec
547 1973 642 2025 nisus
656 1971 734 2023 sum
751 1970 903 2023 scribere.
934 1971 1045 2009 Haec
1067 1969 1158 2008 ille:
1193 1969 1261 2022 qui
1279 1969 1371 2008 licet
1400 1968 1500 2008 haec

232 2035 409 2075 modeste
437 2035 676 2088 protulerit,
697 2033 735 2072 ἃ
757 2032 865 2071 omni
887 2029 1068 2070 iaetantia
1091 2030 1254 2083 procul,
1287 2028 1502 2070 eruditiffi-

234 2111 344 2137 mum
380 2097 635 2136 nihilominus
667 2093 779 2134 fuisse
807 2094 1038 2141 hominem,
1064 2093 1105 2132 δι
1132 2091 1279 2131 Graeci
1309 2090 1501 2130 sermonis

233 2174 421 2213 gnarum,
443 2159 587 2213 scripta
613 2161 726 2207 eius,
761 2158 802 2197 &
823 2169 886 2196 res
910 2155 1038 2210 ipsae,
1065 2156 1114 2195 de
1137 2155 1280 2208 quibus
1305 2156 1408 2206 agit,
1430 2168 1503 2195 co.

232 2224 342 2278 piose
375 2223 579 2263 testantur.
611 2222 797 2262 Moribus
825 2220 984 2259 demum
1001 2216 1111 2259 fuisse
1138 2216 1436 2265 candidiffimis,
1457 2218 1499 2256 δε

233 2286 412 2338 apprime
445 2285 652 2338 ingenuis,
694 2297 742 2322 ex
780 2283 827 2321 iis
865 2281 998 2334 (quasi
1027 2293 1049 2320 e
1079 2281 1246 2332 quadam
1279 2280 1328 2319 ad
1359 2280 1499 2319 vivum

234 2347 354 2385 animi
381 2347 464 2386 eius
491 2344 665 2400 expressa
692 2343 889 2397 imagine)
920 2342 1034 2382 facile
1067 2342 1248 2390 elicitur,
1282 2354 1383 2393 quae
1412 2354 1500 2380 mo-

235 2408 445 2457 ratiffima,
472 2409 513 2447 δι
538 2407 719 2461 quolibet
742 2403 978 2458 philosopho
1009 2405 1146 2456 digna,
1183 2404 1373 2443 librorum
1406 2400 1498 2441 suo-

238 2483 325 2510 rum
352 2469 664 2524 praefationibus
695 2466 932 2509 interseruit.
982 2467 1096 2508 Haec
1130 2477 1267 2508 autem
1301 2476 1499 2518 quatenus
