1600 2902
262 244 321 300 34
509 234 575 281 M.
609 234 898 282 VlTRUVII
930 237 1266 284 Potrionls

260 352 473 405 grotant3
518 357 628 387 cum
673 342 852 399 CoruS,
894 343 1112 401 tuffiunt3
1160 363 1270 393 cum
1310 345 1526 408 Septem-

260 415 368 470 trio‚
393 414 701 460 restituuntur
728 416 777 460 in
798 415 1060 473 sanitatem,
1093 418 1170 463 sed
1194 419 1241 463 in
1272 420 1524 483 angiportis

259 487 302 533 Sc
326 489 488 549 plateis
519 506 615 534 non
642 488 831 550 possunt
862 490 1125 547 consistere,
1162 505 1355 554 propter
1379 495 1523 538 vehe-

260 563 487 608 mentiam
520 562 709 625 frigoris.
749 563 933 609 Ventus
965 575 1122 609 autem
1153 566 1214 610 est
1238 567 1345 611 aeris
1369 565 1520 610 fluens

259 636 387 680 unda
408 670 420 692 a
453 652 565 681 cum
596 637 770 681 incerta
803 648 960 681 motus
991 636 1314 684 redundantia.
1357 639 1520 684 Nasci-

258 719 334 753 tur
363 725 474 754 cum
505 708 663 754 fervor
697 708 895 754 offendit
925 710 1174 754 humorem
1197 744 1210 766 ‚
1246 710 1286 755 Sc
1313 712 1519 771 impetus

257 781 449 829 fervoris
477 783 698 844 exprimit
723 783 821 828 vim
854 783 1035 843 spiritus
1069 783 1234 829 flantis.
1272 785 1327 829 Id
1356 797 1517 831 autem

258 870 423 899 verum
451 853 565 910 effe,
607 871 664 898 ex
692 853 914 914 aeolipilis
947 855 1085 900 aereis
1111 856 1220 901 licet
1248 855 1479 916 adspicere
1502 890 1517 912 ‚

257 927 298 974 Sc
334 928 394 973 de
422 929 676 973 latentibus
708 928 825 973 coeli
854 929 1138 984 rationibus,
1169 929 1418 974 artificiosis
1449 945 1522 974 re-

257 1018 363 1047 rum
393 1001 778 1058 inventionibus,
811 1002 1064 1047 divinitatis
1100 1003 1362 1062 exprimere
1395 1004 1516 1048 veri-

257 1088 417 1122 tatem.
448 1078 590 1123 Fiunt
621 1076 746 1123 enim
778 1078 1018 1136 aeolipilae
1038 1093 1219 1132 aereae,
1242 1092 1401 1121 cavae:
1428 1079 1512 1122 hae

257 1148 436 1193 habent
461 1146 692 1209 punclum
727 1148 1112 1211 angustissimum,
1138 1164 1234 1207 quo
1264 1164 1413 1208 aqua-e
1444 1150 1516 1192 in-

258 1221 528 1268 funduntur
548 1257 561 1277 ,
592 1225 983 1281 collocanturque
1016 1222 1076 1266 ad
1108 1221 1295 1283 ignem,
1320 1222 1361 1268 8c
1388 1234 1518 1267 ante-

258 1311 405 1354 quam
440 1295 659 1341 calescant
682 1330 696 1352 ‚
736 1311 836 1340 non
874 1294 1051 1339 habent
1086 1295 1238 1338 ullum
1274 1292 1517 1354 spiritum;

259 1369 446 1414 fimulac
489 1377 646 1413 autem
691 1367 866 1413 fervere
903 1366 1145 1427 coeperint
1167 1398 1181 1421 ,
1219 1365 1423 1410 efficiunt
1457 1364 1517 1410 ad

257 1441 414 1501 ignem
442 1441 774 1489 vehementem
805 1439 983 1485 flatum.
1017 1438 1083 1484 Ita
1112 1437 1221 1483 scire
1247 1436 1287 1482 Sc
1313 1438 1517 1484 iudicare

257 1512 392 1568 licet,
425 1530 450 1557 e
472 1528 615 1572 parvo
638 1513 998 1572 brevillimoque
1030 1509 1291 1571 spectaculo
1307 1545 1321 1567 ‚
1346 1512 1405 1556 de
1425 1528 1520 1556 ma·

258 1584 356 1646 gnis
396 1583 437 1629 86
469 1585 754 1629 immanibus
786 1584 904 1629 coeli
939 1595 1292 1643 ventorumque
1323 1595 1516 1629 naturae

255 1654 529 1700 rationibus.
566 1656 708 1700 Venti
740 1656 863 1699 enim
884 1689 898 1712 ‚
923 1656 954 1699 fi
989 1655 1159 1700 exclusi
1185 1655 1385 1711 fuerint,
1413 1671 1514 1701 non

255 1728 408 1773 solum
440 1730 637 1774 efficient
671 1729 944 1790 corporibus
975 1728 1239 1774 valentibus
1264 1730 1424 1775 locum
1453 1730 1516 1774 sa-

255 1801 470 1857 lubrem,
505 1802 584 1846 secl
613 1802 776 1859 etiam,
810 1803 840 1846 fi
874 1801 957 1862 qui
988 1801 1143 1847 morbi
1178 1818 1236 1846 ex
1266 1802 1360 1846 aliis
1394 1802 1513 1846 vitiis

254 1872 376 1918 forte
407 1873 680 1930 nascentur,
721 1874 805 1934 qui
842 1875 890 1918 in
923 1874 1081 1919 ceteris
1109 1873 1368 1918 salubribus
1404 1874 1514 1918 locis

252 1946 429 1991 habent
464 1947 722 1992 curationes
745 1946 1004 1991 medicinae
1034 1946 1306 2001 contrariae,
1338 1946 1386 1990 in
1415 1947 1482 1990 his
1500 1981 1512 2002 ,

251 2034 446 2079 propter
491 2031 857 2079 temperaturam
904 2018 1176 2064 exclusionis
1223 2029 1473 2064 ventorum
1499 2053 1513 2074 ‚

256 2090 524 2149 expeditius
551 2089 855 2134 curabuntur.
887 2089 1013 2134 Vitia
1041 2092 1200 2133 autem
1227 2089 1360 2145 sunt,
1391 2105 1512 2148 quae

252 2162 501 2206 difficulter
542 2172 761 2206 curantur
789 2194 802 2217 ,
850 2161 899 2204 in
935 2161 1204 2222 regionibus
1243 2177 1364 2221 quae
1403 2161 1512 2205 sunt

248 2232 384 2292 supra
412 2232 634 2293 scriptae,
668 2234 807 2288 haec,
842 2232 1090 2295 gravitudo
1111 2267 1123 2289 ,
1154 2232 1381 2289 arthritis,
1418 2233 1509 2277 tus-

248 2304 331 2360 sis,
363 2305 602 2364 pleuritis,
632 2304 822 2364 phthisis
840 2338 853 2359 ‚
899 2303 1127 2366 sanguinis
1155 2301 1315 2349 eiectio
1334 2339 1346 2360 ,
1375 2304 1415 2348 Sc
1438 2319 1511 2347 ce-

247 2387 371 2433 tera,
406 2393 526 2436 quae
561 2393 658 2422 non
687 2372 1050 2421 detraeslionibus
1073 2410 1086 2433 ‚
1125 2376 1205 2420 secl
1237 2373 1508 2420 adiedlioni-

246 2446 337 2491 'bus
370 2462 603 2495 curantur.
639 2449 764 2493 Haec
797 2449 904 2493 ideo
928 2449 1175 2494 difficulter
1195 2448 1504 2502 medicantur,

246 2518 454 2579 primum
493 2521 629 2581 quod
660 2537 717 2565 ex
755 2520 1004 2583 frigoribus
1032 2520 1389 2579 concipiuntur:
1429 2517 1508 2562 de-
