1600 2902
291 191 372 238 DE
411 190 901 239 ARCHITECTURA
942 189 1046 238 LIB.
1080 192 1139 239 V.
1256 205 1344 257 157

86 299 321 345 elusiones.
362 297 450 343 Eae
492 310 650 344 autem
684 296 960 354 structurae,
996 315 1115 358 quae
1147 297 1194 342 in
1222 313 1341 357 aqua

89 373 196 418 sunt
242 371 448 426 futurae,
497 371 716 415 videntur
757 372 813 416 fic
852 371 936 417 esse
978 370 1239 426 faciendae,
1271 369 1343 413 uti

89 455 303 505 portetur
331 444 480 504 pulvis
509 459 532 487 a
570 442 865 505 regionibus,
903 460 1023 503 quae
1062 444 1168 487 sunt
1196 460 1219 487 a
1245 441 1343 485 Cu-

88 515 173 561 mis
208 516 504 560 continuatae
551 516 610 559 ad
655 516 1035 575 promontorium
1081 515 1342 568 Minervae,

85 588 219 648 isque
257 587 503 633 misceatur
529 589 595 633 uti
632 589 678 632 in
718 588 938 632 mortario
968 589 1065 633 duo
1100 587 1157 632 ad
1189 603 1341 631 unum

86 660 409 720 respondeant.
445 659 632 704 Deinde
659 669 773 704 tunc
808 660 856 702 in
891 676 946 703 eo
981 661 1114 714 loco,
1151 660 1235 717 qui
1259 659 1343 702 de-

89 733 246 776 finitus
276 732 388 787 erit,
423 747 548 776 arcae
588 730 817 789 stipitibus
852 728 1074 774 robusteis
1104 728 1144 774 Sc
1173 729 1343 772 catenis

89 804 289 849 inclusae
317 804 563 864 in‘aquam
590 802 929 858 demittendae,
960 802 1342 861 distinendaeque

91 876 292 921 firmiter.
327 877 514 921 Deinde
548 877 671 921 inter
702 891 772 919 eas
806 890 863 919 ex
899 874 1123 919 transtillis
1154 873 1342 918 inferior

88 964 187 1008 pars
216 949 298 993 sub
331 966 450 1008 aqua
486 948 788 1008 exaequanda
820 948 860 994 8c
883 945 1148 1010 purganda,
1178 946 1218 990 ἃ
1241 962 1342 990 cae-

89 1021 255 1066 mentis
287 1039 344 1066 ex
372 1023 594 1067 mortario
617 1022 805 1066 materia
830 1021 976 1065 mixta
1006 1019 1341 1081 (quemadmo-

89 1091 204 1136 dum
237 1093 370 1152 supra
399 1092 618 1153 scriptum
650 1094 738 1153 est)
762 1093 826 1137 ibi
853 1091 1226 1155 congerendum‚
1253 1091 1339 1136 do-

92 1164 248 1209 nicum
272 1168 560 1225 compleatur
576 1163 820 1210 struffliirae
847 1166 1041 1226 spatium
1058 1200 1070 1221 ,
1089 1166 1221 1224 quod
1242 1164 1341 1210 fue-

88 1237 147 1281 rit
185 1237 302 1281 inter
339 1254 470 1286 arcas.
517 1237 596 1282 Sin
631 1247 789 1281 autem
826 1247 1016 1297 propter
1055 1236 1221 1281 fluetus
1259 1248 1340 1281 aut

89 1308 289 1367 impetus
321 1308 465 1368 aperti
496 1307 645 1369 pelagi
681 1308 926 1351 destinatae
963 1323 1089 1354 arcae
1128 1323 1225 1351 non
1252 1323 1342 1366 po-

90 1380 264 1424 tuerint
295 1380 545 1434 contineri,
590 1391 703 1424 tunc
723 1380 782 1423 ab
810 1380 903 1439 ipsa
935 1390 1050 1424 terra
1078 1380 1166 1425 sive
1198 1380 1342 1439 crepi-

89 1450 200 1495 dine
228 1452 449 1510 pulvinus
479 1467 623 1509 quam
658 1450 904 1495 firmillime
947 1452 1170 1496 struatur:
1209 1453 1341 1511 isque

88 1522 307 1581 pulvinus
326 1534 579 1580 exaequata
599 1523 793 1566 struatur
811 1523 1001 1582 planitie
1021 1523 1176 1567 minus
1200 1540 1342 1581 quam

88 1594 305 1638 dimidiae
343 1595 503 1654 parti33
552 1595 817 1654 reliquum,
860 1594 992 1653 quod
1036 1595 1096 1639 est
1126 1597 1341 1654 proxime

88 1667 229 1723 littus,
250 1667 562 1726 proclinatum
583 1668 697 1711 latus
717 1667 891 1711 habeat.
911 1667 1098 1712 Deinde
1117 1668 1175 1712 ad
1198 1668 1341 1727 ipsam

87 1754 257 1797 aquam
295 1738 335 1783 &1
370 1740 507 1783 latera
551 1739 748 1799 pulvino
786 1739 962 1784 circiter
1008 1738 1343 1799 sesquipedales

86 1812 309 1872 margines
327 1812 556 1856 struantur
584 1812 859 1871 aequilibres
881 1812 922 1855 ei
941 1813 1158 1871 planitiae
1178 1847 1189 1867 ‚
1219 1828 1340 1871 quae

86 1882 219 1942 supra
242 1884 402 1944 scripta
436 1886 509 1928 est.
540 1885 680 1930 Tunc
708 1885 984 1943 proclinatio
1020 1901 1069 1927 ea
1090 1886 1337 1943 impleatur

86 1971 245 2012 arena,
291 1956 331 2001 8C
365 1968 651 2016 exaequetur
684 1973 791 2002 cum
833 1956 1038 2018 margine
1072 1957 1112 2001 8:
1150 1956 1342 2015 planitia

88 2028 281 2085 pulvini.
337 2027 521 2073 Deinde
567 2029 752 2088 insuper
808 2045 906 2072 earn
949 2029 1340 2086 exaequationem

86 2099 179 2158 pila
200 2116 340 2158 quam
366 2118 528 2163 magna
553 2102 798 2146 constituta
823 2100 987 2154 fuerit,
1022 2100 1087 2144 ibi
1114 2102 1308 2145 struatur
1325 2135 1338 2156 ‚

87 2185 262 2228 eaque,
295 2185 401 2215 cum
437 2173 521 2216 erit
546 2170 802 2227 exstructa,
846 2172 1135 2230 relinquatur
1167 2188 1225 2215 ne
1257 2173 1341 2215 mi·-

86 2258 171 2286 nus
194 2260 335 2301 quarn
358 2244 451 2289 duo
473 2246 647 2289 me‘nles
665 2279 676 2299 7
699 2246 765 2289 uti
796 2245 1019 2288 siccescat:
1046 2256 1158 2287 tunc
1177 2255 1337 2287 autem

83 2316 341 2361 succidatur
390 2334 578 2380 margo,
628 2335 745 2377 quae
791 2320 976 2362 sustinet
1019 2334 1229 2361 arenam:
1279 2318 1339 2361 ita

83 2407 219 2434 arena
263 2388 476 2435 ssuclibus
522 2392 709 2437 subruta
750 2393 912 2436 elliciet
957 2392 1004 2434 in
1052 2407 1172 2435 mare
1219 2391 1336 2450 pilae

82 2462 526 2521 praecipitationem.
587 2464 685 2509 Hac
737 2466 915 2510 ratione
959 2465 1334 2524 quotiescunque
