1600 2902
280 173 362 223 DE
395 173 889 222 ARCHITECTURA
922 173 1030 221 LIB.
1063 175 1146 222 IV.
1260 187 1351 237 ¹07,

79 283 345 347 symmetria
394 284 451 328 fic
497 284 558 328 est
590 283 830 339 facienda,
876 284 944 327 uti
986 291 1161 342 quanta
1206 279 1350 324 fuerit

81 356 323 402 crassitudo
356 356 475 400 imae
497 358 775 411 columnae,
806 366 934 399 tanta
964 354 1018 398 fit
1049 351 1250 398 altitudo
1270 366 1346 395 ca-

80 429 222 490 pituli
250 445 361 474 cum
389 427 547 474 abaco.
575 428 720 474 Abaci
749 427 950 472 latitudo
993 427 1055 471 ita
1087 425 1255 469 habeat
1276 439 1351 468 ra-

81 502 264 546 tionem
281 536 294 558 9
326 514 379 547 ut
411 513 587 562 quanta
614 501 753 547 fuerit
780 499 983 545 altitudo
1004 533 1017 555 ,
1052 499 1120 543 bis
1147 507 1273 541 tanta
1297 496 1352 540 fit

82 572 327 635 diagonios
359 574 417 618 ab
449 575 622 636 angulo
657 571 717 616 ad
750 572 988 633 angulum.
1036 570 1191 631 Spatia
1222 567 1352 614 enim

81 647 145 691 ita
174 647 305 692 iustas
336 647 582 693 habebunt
616 646 792 690 frontes
823 644 1194 705 quoquoversus,
1229 640 1352 686 Lati-

82 720 261 765 tudinis
293 719 467 765 frontes
506 720 749 764 sinuentur
780 718 999 762 introrsus
1032 717 1090 761 ab
1129 715 1351 761 extremis

82 795 263 855 angulis
290 794 446 850 abaci,
475 796 580 838 suae
616 793 777 838 frontis
810 791 1069 836 latitudinis
1097 806 1234 835 nona.
1276 788 1353 834 Ad

83 868 238 911 imum
277 867 467 927 capituli
510 880 687 911 tantam
731 866 935 910 habeant
971 863 1356 919 craffitudinem,

81 950 312 998 quantam
342 940 485 984 habet
514 939 695 985 summa
729 940 950 984 columna
969 971 981 991 ‚
1033 947 1216 995 praeter
1239 950 1357 994 apo-

82 1011 234 1054 thesm
269 1012 308 1056 Sc
354 1011 638 1073 astragalum.
687 1010 832 1055 Abaci
877 1008 1121 1055 crassitudo
1161 1006 1357 1068 septima

80 1081 278 1141 capituli
310 1082 582 1127 altitudinis.
627 1083 834 1143 Dempta
868 1081 999 1127 abaci
1039 1079 1358 1135 crassitudine,

81 1155 327 1200 dividatur
354 1157 535 1215 reliqua
560 1173 661 1215 pars
692 1157 740 1201 in
760 1167 910 1216 partes
943 1167 1055 1210 tres,
1094 1169 1152 1198 ex
1180 1153 1358 1213 quibus

82 1242 180 1272 una
224 1228 324 1273 imo
369 1229 486 1273 folio
529 1229 695 1273 detur:
744 1229 1005 1274 secundum
1046 1227 1214 1271 folium
1256 1242 1358 1271 rne-

81 1301 210 1346 diam
239 1302 539 1348 altitudinem
578 1313 762 1347 teneat:
799 1301 1015 1347 cauliculi
1053 1298 1252 1344 eandem
1273 1298 1356 1344 ha-

83 1374 232 1418 beant
258 1375 584 1431 altitudinem,
612 1392 637 1419 e
658 1375 832 1435 quibus
847 1375 961 1419 'folia
982 1374 1236 1419 nascuntur
1253 1388 1358 1433 pro·

82 1442 229 1499 stela,
254 1447 322 1489 uti
354 1447 550 1491 abacum
578 1448 823 1507 excipiant.
861 1449 996 1515 Quae
1027 1464 1085 1492 ex
1105 1446 1356 1492 cauliculo-

79 1533 191 1563 rum
223 1517 344 1561 foliis
379 1530 514 1563 natae
545 1533 830 1580 procurrunt
865 1521 922 1564 ad
952 1533 1186 1565 extremos
1208 1535 1357 1581 angu-

80 1589 151 1634 los
193 1589 412 1646 volutae,
457 1591 761 1651 minoresque
802 1593 970 1638 helices
1005 1592 1200 1637 floribus
1239 1590 1355 1651 (qui

78 1663 201 1708 intra
249 1664 466 1709 medium
514 1663 744 1708 frontium
793 1665 922 1710 abaci
969 1664 1111 1725 sunt)
1161 1659 1355 1709 subiecti

79 1737 355 1797 scalpantur.
406 1739 561 1784 Flores
595 1739 643 1782 in
679 1750 886 1798 quatuor
929 1739 1136 1799 partibus
1178 1749 1356 1798 quanta

83 1811 171 1855 erit
206 1811 336 1855 abaci
365 1811 638 1865 craffitudo,
671 1823 768 1857 tam
803 1813 958 1876 magui
988 1813 1263 1858 formentur.
1284 1813 1355 1858 Ita

81 1881 151 1925 his
175 1881 452 1942 symmetriis
472 1884 713 1929 Corinthia
745 1885 950 1945 capitula
979 1886 1077 1931 suas
1108 1885 1356 1929 habebunt

84 1951 357 2000 exacliones.
406 1954 528 2001 Sunt
575 1967 736 2001 autem
766 1974 887 2017 quae
928 1958 1091 2002 iisdem
1123 1956 1355 2002 columnis

83 2027 400 2086 imponuntur
433 2032 750 2092 capitulorum
785 2049 953 2095 genera
984 2031 1115 2076 variis
1145 2031 1354 2076 vocabu-

85 2099 138 2143 lis
172 2102 436 2160 nominata‚
473 2122 680 2164 quorum
712 2121 800 2149 nec
824 2105 1128 2164 proprietates
1147 2104 1352 2164 symmeff

85 2171 304 2227 uiarum,
340 2189 426 2218 nec
445 2177 775 2221 columnarum
805 2176 1108 2239 genusaliud
1139 2177 1354 2222 nomina-

84 2258 134 2287 re
158 2243 425 2302 poll'umus:
467 2249 543 2291 sed
583 2249 788 2307 ipsorum
820 2250 1047 2294 vocabula
1078 2245 1286 2293 traducla
1309 2248 1353 2294 Sc

83 2327 374 2361 commutata
402 2335 460 2363 ex
492 2321 769 2379 Corinthiis,
799 2323 840 2367 &-
871 2323 1144 2382 pulvinatis,
1188 2323 1228 2366 Sc
1248 2322 1352 2368 Do-

80 2390 182 2436 ricis
211 2390 453 2447 videmus,
487 2410 696 2451 quorum
726 2396 1022 2455 symmetriae
1058 2395 1232 2441 suntin
1264 2411 1350 2448 noa

80 2476 244 2518 =varum
262 2464 599 2525 scalpturarum
630 2470 871 2516 translatae
896 2468 1219 2527 subtilitatem,
