1600 2902
256 141 333 193 346
573 133 1214 179 ARCHITECTURAE

254 235 366 290 quod
390 234 548 274 Graece
567 232 721 280 ὃίὸωρον
742 231 965 287 appellatur
989 231 1152 285 longum
1176 232 1435 287 sesquipede,
1461 232 1529 271 la·-

253 308 340 337 tum
366 296 488 349 pede3
528 307 611 347 quo
636 293 757 334 nostri
783 304 962 334 utuntur.
1010 292 1107 333 Sunt
1134 294 1176 333 ὅ(
1204 295 1280 334 alia
1314 295 1394 335 duo
1419 294 1524 334 late-

254 371 343 399 rum
368 368 536 409 genera,
567 368 688 394 unum
723 355 988 405 πεντάδωρον,
1024 354 1248 395 &alterum
1277 356 1524 408 τετρέιὸωρον.

254 418 405 461 Doron
437 430 571 457 autem
599 417 741 457 Graeci
774 416 947 470 palmum
973 415 1184 469 appellant.
1224 416 1366 471 Itaque
1396 416 1524 457 artifi-

254 490 324 520 ces
346 479 524 533 quinque
550 478 772 532 palmorum
802 477 957 529 publica
982 489 1107 530 opera
1137 476 1337 517 exstruere
1361 479 1527 519 consue-

255 552 430 587 verunt,
470 540 512 580 ἃ
540 552 715 592 quatuor
740 540 990 592 privatorum
1020 538 1108 578 fieri
1139 537 1352 577 debebunt.
1398 538 1445 577 Et
1464 537 1528 577 se-

254 604 457 645 milateres
483 603 597 656 super
626 602 664 642 se
691 603 812 651 missi,
852 605 920 656 qui
946 604 1116 643 laterum
1139 601 1339 642 iunuuras
1359 603 1460 640 inter
1487 600 1526 640 se

255 668 372 723 positi
390 699 400 714 ,
428 679 668 721 repararent.
700 668 761 708 Ita
784 670 886 708 enim
909 668 1002 715 fiet,
1025 678 1093 715 ut,
1122 678 1212 706 cum
1236 665 1338 704 alter
1365 665 1529 706 alterius

255 729 431 786 protegit
453 728 770 772 coniunffionem
788 761 800 778 ‚
822 728 936 768 firma
955 726 1171 770 stru&urae
1186 725 1358 769 soliditas
1380 723 1524 780 surgat.

848 822 944 863 XI.

432 901 491 940 De
511 900 698 953 parietibus
721 901 878 939 lateritiis
900 901 1028 941 tet-*corio
1056 914 1151 952 opere
1168 898 1353 953 parandis·

317 976 495 1017 Lateritii
523 979 695 1030 parietes
730 978 856 1018 tribus
893 976 1187 1020 industionibus
1219 975 1327 1028 prius
1355 972 1528 1013 soliden-

256 1049 345 1087 tur,
374 1051 419 1079 ut
445 1052 547 1092 opus
573 1039 783 1079 te&0riun1
813 1039 894 1078 slne
917 1040 1022 1078 vitio
1043 1039 1249 1090 accipiant.
1288 1035 1390 1075 Nam
1411 1033 1439 1073 sl
1465 1045 1530 1073 re·

258 1112 396 1139 centes
428 1099 641 1140 stru&urae
679 1100 721 1141 δι
760 1099 1007 1140 induffiones
1039 1099 1211 1147 fuerint,
1249 1098 1290 1138 &
1318 1109 1401 1136 non
1434 1106 1528 1135 ante

255 1159 516 1209 necaverint,
542 1174 632 1201 cum
654 1159 831 1202 arescere
860 1162 1068 1214 coeperint
1086 1159 1251 1200 sciffuris
1277 1157 1528 1198 venustatem

257 1224 393 1275 operis
428 1235 699 1276 corrumpent.
741 1223 788 1263 In
816 1223 927 1263 Urbe
962 1235 1126 1271 autem,
1153 1232 1318 1276 propter
1350 1219 1529 1259 multitu-

257 1285 387 1327 dinem
415 1285 646 1331 hominum,
675 1287 846 1339 parietes
876 1286 1124 1325 caementitii
1162 1284 1278 1324 altius
1302 1282 1528 1329 struuntur,

256 1359 309 1386 ne
334 1347 451 1387 latius
479 1346 544 1386 soli
573 1349 885 1400 magnitudinem
918 1358 1131 1402 occupent.
1166 1347 1317 1387 Merito
1347 1358 1443 1398 ergo
1468 1344 1528 1383 la·-

258 1410 433 1448 teritiam
463 1410 610 1450 habere
637 1423 718 1450 non
748 1410 907 1463 potuit,
943 1422 993 1449 ne
1017 1409 1193 1462 pondere
1225 1408 1307 1448 cito
1336 1416 1527 1459 corrupta

257 1467 408 1509 fabrica
424 1470 637 1510 laberetur.
679 1470 878 1510 Lateritiis
908 1484 1004 1523 ergo
1031 1470 1245 1524 parietibus
1273 1469 1397 1516 vitia,
1425 1479 1527 1521 quae

258 1529 384 1571 solent
410 1531 589 1570 accidere
608 1560 619 1578 ,
651 1543 701 1570 ne
723 1531 839 1580 fiant,
874 1532 952 1571 hoc
977 1533 1097 1571 modo
1119 1533 1194 1571 erit
1215 1530 1523 1584 providendum.

258 1593 306 1634 In
342 1593 566 1633 summitate
598 1595 792 1646 parietum
827 1593 1016 1636 strusmra
1046 1595 1216 1634 testacea
1255 1606 1344 1634 cum
1375 1592 1528 1646 promi-

257 1658 446 1698 nentibus
479 1659 640 1697 coronis
660 1658 869 1700 altitudine
894 1658 1153 1711 sesquipedali
1181 1657 1429 1704 exstruatur3
1455 1667 1526 1703 ut,

255 1721 285 1762 si
308 1732 523 1774 corruptae
548 1720 703 1773 tegulae
726 1731 797 1761 aut
823 1720 1007 1761 imbrices
1034 1731 1178 1768 erunt,
1205 1721 1376 1773 parietes
1394 1728 1528 1758 tamen

256 1784 372 1825 solidi
396 1795 668 1837 permaneant.

817 1868 962 1909 XII.

440 1942 499 1980 De
517 1940 691 1995 generibus
719 1941 903 1987 arborum,
938 1940 972 1978 δ’
1003 1938 1150 1978 utilitate
1172 1938 1351 1990 caefionis.

311 2017 454 2059 Caefio
484 2019 699 2067 arborum,
729 2030 832 2071 quae
865 2018 913 2056 ad
935 2018 1145 2058 utilitatem
1169 2016 1343 2056 fabricae
1368 2015 1527 2069 parabi-

259 2090 351 2126 tur,
375 2080 556 2119 autumni
581 2090 763 2130 tempore
780 2089 991 2130 antequam
1008 2078 1177 2117 Favonii
1195 2077 1289 2117 flare
1315 2077 1527 2130 incipiant,

259 2140 408 2180 utiliter
436 2141 624 2179 caeditur.
656 2139 767 2179 Prius
795 2150 927 2180 tamen
951 2151 1075 2192 usque
1103 2139 1152 2178 ad
1178 2138 1386 2178 medullam
1413 2137 1527 2177 secu-

258 2203 368 2243 ribus
401 2202 655 2243 circumcisae
684 2202 826 2242 stantes
854 2203 1188 2250 intermittantur,
1217 2212 1263 2241 ut
1282 2200 1429 2240 inutilis
1453 2200 1528 2238 hu·

260 2276 350 2303 mor
387 2264 597 2312 decurrat,
628 2265 668 2304 ὅ(
700 2276 893 2303 venarum
923 2265 1063 2303 raritas
1100 2262 1291 2302 exsiccata
1323 2260 1523 2300 solidetur.

257 2323 335 2364 Sed
364 2336 509 2376 genera
544 2324 729 2364 arborum
764 2324 833 2363 has
863 2324 967 2363 inter
1004 2324 1042 2362 se
1077 2324 1183 2362 vires
1213 2323 1253 2362 δε
1284 2321 1525 2360 differentias

261 2385 422 2427 habent.
450 2386 573 2426 Abies
605 2399 699 2440 ergo
722 2386 841 2427 habet
865 2387 966 2426 aeris
996 2386 1208 2440 plurimum
1233 2385 1274 2426 δ(
1294 2384 1417 2438 ignis,
1449 2382 1527 2422 mi*
