1600 2902
279 192 366 241 DE
400 190 897 240 ARCHITECTURA
932 192 1039 238 LIB.
1074 192 1108 239 1.
1274 206 1326 257 15

72 300 240 349 matica
266 300 445 346 ratione
478 301 790 356 collocantur,
834 301 874 344 Sc
904 299 1144 344 sonituum
1177 297 1330 344 discri-

73 374 234 433 mine)
278 389 399 433 quae
433 372 592 418 Graeci
628 375 746 426 ἠχεῖα
777 383 977 428 vocant,
1014 371 1072 416 ad
1104 371 1330 433 sympho-

73 447 171 494 nias
187 446 377 491 muficas
395 479 409 501 ‚
443 446 533 490 five
555 457 810 491 concentus
829 478 842 502 ‚
863 456 1237 505 componuntur,
1264 445 1332 490 di-

72 520 164 566 visa
184 519 484 565 circinatione
503 518 551 562 in
576 517 846 569 diatessaron
872 518 912 564 Sc
937 519 1155 579 diapente
1179 519 1219 564 8:
1238 521 1336 564 dia-

71 593 246 654 pason3
307 591 377 636 uti
414 607 510 637 vox
543 590 706 636 scenici
753 590 927 636 sonitus
966 593 1249 637 conveniens
1282 594 1332 638 in

73 662 487 724 dispositionibus,
535 660 660 707 tactu
703 677 811 707 cum
854 663 1103 709 offenderit
1135 699 1150 721 ‚
1200 664 1334 712 aucta

73 752 186 783 cum
216 737 535 791 incremento,
571 735 734 780 clarior
764 734 804 780 8c
838 735 1019 781 suavior
1062 737 1121 782 ad
1161 737 1336 799 specia-

74 820 237 854 torum
255 809 494 870 perveniat
510 824 654 852 aures.
689 807 994 868 Hydraulicas
1017 826 1216 870 quoqne
1240 827 1337 858 rna·-

75 880 230 925 chinas
257 911 272 936 ,
321 879 362 925 Sc
388 889 538 923 cetera
567 895 687 939 quae
714 879 820 924 sunt
843 880 1001 925 similia
1034 881 1100 926 his
1130 885 1336 946 organis,

76 952 171 998 fine
213 951 391 997 muslcis
431 950 689 997 rationibus
734 953 910 997 efficere
953 970 1095 1000 nemo
1143 957 1335 1016 poterit.

75 1022 381 1083 Disciplinam
421 1039 533 1069 vero
578 1023 837 1070 medicinae
883 1025 1059 1072 novisse
1108 1040 1297 1088 oportet
1316 1063 1335 1086 ‚

77 1106 270 1155 propter
292 1096 613 1142 inclinationes
641 1098 759 1142 coeli
776 1132 788 1154 ‚
824 1114 945 1158 quae
967 1098 1129 1145 Graeci
1154 1104 1337 1156 κλίματα

79 1170 248 1214 dicunt
264 1203 278 1225 ,
299 1170 343 1216 ὃς
362 1177 482 1215 ae'res
509 1171 722 1216 locorum
741 1204 754 1226 ,
779 1172 865 1231 qui
890 1172 996 1217 sunt
1022 1173 1221 1219 salubres
1252 1190 1337 1223 aut

80 1242 372 1302 pestilentes,
410 1258 738 1302 aquarumque
779 1244 894 1288 usus.
950 1243 1058 1289 Sine
1100 1245 1165 1290 his
1209 1247 1339 1294 enim

80 1315 339 1360 rationibus
380 1316 508 1360 nulla
540 1314 728 1360 salubris
764 1315 987 1362 habitatio
1028 1317 1125 1363 fieri
1166 1321 1334 1378 potest.

78 1386 182 1432 Iura
212 1403 410 1447 quoque
439 1399 551 1433 nota
579 1388 746 1434 habeat
778 1400 966 1450 oportet
992 1407 1066 1447 ea,
1103 1408 1223 1451 quae
1253 1409 1336 1439 ne·

77 1458 260 1504 cessaria
298 1459 405 1505 sunt
444 1460 658 1506 aedificiis
690 1461 1026 1506 communibus
1069 1465 1338 1523 parietum,

77 1531 136 1575 ad
164 1531 398 1576 ambitum
429 1533 767 1579 stillicidiorum
798 1533 837 1579 8c
857 1536 1116 1581 cloacarum
1137 1537 1178 1583 8:
1196 1539 1336 1583 iumi-

76 1618 206 1648 num.
241 1603 360 1650 Item
394 1622 619 1665 aquarum
649 1603 891 1652 duffliones
914 1642 926 1664 ,
963 1608 1004 1654 8c
1036 1621 1185 1654 cetera
1214 1627 1336 1670 quae

81 1675 311 1722 eiusmodi
335 1677 464 1735 sunt,
492 1690 604 1724 nota
635 1691 825 1739 oportet
854 1681 940 1726 sint
962 1681 1243 1739 architectis,
1263 1686 1335 1730 uti

78 1760 187 1793 ante
215 1761 432 1806 caveant,
466 1768 609 1810 quam
636 1751 875 1796 instituant
895 1752 1125 1808 aedificia,
1144 1770 1203 1798 nc
1222 1769 1339 1800 con-

77 1823 348 1880 troversiae,
392 1821 516 1869 factis
543 1824 787 1885 operibuS,
820 1825 1027 1885 patribus
1057 1826 1340 1874 familiarum

81 1891 435 1952 relinquantur:
477 1893 519 1938 Sc
548 1905 602 1938 ut
631 1895 808 1956 legibus
843 1895 1093 1941 scribendis
1128 1897 1339 1957 pruden-·

81 1964 143 2009 tia
173 1967 320 2012 caveri
349 1967 482 2027 possit
514 1967 556 2013 8c
583 1968 774 2013 locatori
806 1969 847 2014 8c
874 1966 1180 2022 conduciori3
1208 1986 1339 2016 nam-

82 2050 180 2093 que
208 2036 239 2080 s1
270 2039 347 2082 lex
369 2038 518 2099 perite
542 2039 681 2085 fuerit
714 2040 900 2101 scripta,
936 2042 1020 2086 erit
1053 2053 1106 2087 ut
1139 2042 1233 2088 sine
1266 2059 1338 2088 ca-

82 2107 246 2165 ptione
275 2121 474 2170 uterque
497 2112 555 2157 ab
585 2125 786 2173 utroque
821 2114 1054 2159 liberetur.
1088 2115 1159 2160 Ex
1196 2117 1338 2161 astro-

83 2179 203 2241 logia
227 2191 383 2226 autem
401 2184 696 2245 cognoscitur
724 2185 898 2241 oriens,
920 2186 1135 2231 occidens
1156 2221 1169 2242 ,
1198 2187 1339 2231 meri-

84 2250 184 2294 dies
201 2285 213 2305 ,
244 2251 510 2312 septemtrio
531 2277 540 2301 :
566 2257 608 2302 8c
635 2258 751 2302 coeli
776 2258 918 2314 ratio,
948 2255 1302 2317 aequinoaestium
1323 2294 1339 2316 ‚

84 2322 326 2368 solstitium
348 2360 360 2380 ‚
393 2328 613 2374 astrorum
651 2331 831 2376 cursus:
878 2349 1085 2391 quorum
1120 2332 1337 2379 notitiam

83 2396 115 2441 si
151 2398 254 2456 quis
298 2415 395 2444 non
436 2402 677 2460 habuerit,
725 2406 1073 2467 horologiorum
1109 2406 1338 2452 rationem

86 2471 287 2516 omnino
317 2473 431 2519 scire
457 2489 554 2519 non
581 2477 767 2535 poterit.
797 2477 922 2523 Cum
943 2493 1050 2540 ergo
1078 2488 1203 2524 tanta
1227 2479 1340 2524 haec
