<?xml version="1.0" encoding="UTF-8"?>
<!DOCTYPE html PUBLIC "-//W3C//DTD XHTML 1.0 Transitional//EN"
    "http://www.w3.org/TR/xhtml1/DTD/xhtml1-transitional.dtd">
<html xmlns="http://www.w3.org/1999/xhtml" xml:lang="en" lang="en">
 <head>
  <title>
</title>
<meta http-equiv="Content-Type" content="text/html;charset=utf-8" />
  <meta name='ocr-system' content='tesseract 3.04.00' />
  <meta name='ocr-capabilities' content='ocr_page ocr_carea ocr_par ocr_line ocrx_word'/>
</head>
<body>
  <div class='ocr_page' id='page_1' title='image "./mvitruviipollion00vitr/mvitruviipollion00vitr_0416.png"; bbox 0 0 1600 2902; ppageno 0'>
   <div class='ocr_carea' id='block_1_1' title="bbox 236 141 1195 197">
    <p class='ocr_par' dir='ltr' id='par_1_1' title="bbox 236 141 1195 197">
     <span class='ocr_line' id='line_1_1' title="bbox 236 141 1195 197; baseline 0.011 -15"><span class='ocrx_word' id='word_1_1' title='bbox 236 141 312 197; x_wconf 75' lang='lat'><strong>548</strong></span> <span class='ocrx_word' id='word_1_2' title='bbox 544 144 1195 192; x_wconf 71' lang='lat' dir='ltr'><strong>ARcmTECTURAE</strong></span> 
     </span>
    </p>
   </div>
   <div class='ocr_carea' id='block_1_2' title="bbox 492 261 1246 395">
    <p class='ocr_par' dir='ltr' id='par_1_2' title="bbox 492 261 1246 395">
     <span class='ocr_line' id='line_1_2' title="bbox 768 261 960 304; baseline 0.021 -4"><span class='ocrx_word' id='word_1_3' title='bbox 768 261 805 300; x_wconf 94' lang='lat' dir='ltr'>X</span> <span class='ocrx_word' id='word_1_4' title='bbox 832 262 850 301; x_wconf 93' lang='lat' dir='ltr'>I</span> <span class='ocrx_word' id='word_1_5' title='bbox 880 263 898 302; x_wconf 90' lang='lat' dir='ltr'>I</span> <span class='ocrx_word' id='word_1_6' title='bbox 926 262 960 304; x_wconf 88' lang='grc' dir='ltr'><strong>Ῑ.</strong></span> 
     </span>
     <span class='ocr_line' id='line_1_3' title="bbox 492 339 1246 395; baseline 0.008 -19"><span class='ocrx_word' id='word_1_7' title='bbox 492 340 549 377; x_wconf 86' lang='lat' dir='ltr'><strong>De</strong></span> <span class='ocrx_word' id='word_1_8' title='bbox 567 339 704 389; x_wconf 70' lang='lat' dir='ltr'><strong>fabrica</strong></span> <span class='ocrx_word' id='word_1_9' title='bbox 730 340 837 378; x_wconf 69' lang='lat' dir='ltr'><strong>villae</strong></span> <span class='ocrx_word' id='word_1_10' title='bbox 859 342 998 394; x_wconf 75' lang='lat' dir='ltr'><strong>rusticae</strong></span> <span class='ocrx_word' id='word_1_11' title='bbox 1025 342 1246 395; x_wconf 78' lang='lat' dir='ltr'><strong>disponenda.</strong></span> 
     </span>
    </p>
   </div>
   <div class='ocr_carea' id='block_1_3' title="bbox 234 419 1509 1842">
    <p class='ocr_par' dir='ltr' id='par_1_3' title="bbox 234 419 1509 1842">
     <span class='ocr_line' id='line_1_4' title="bbox 289 419 1499 477; baseline 0.003 -17"><span class='ocrx_word' id='word_1_12' title='bbox 289 419 421 460; x_wconf 88' lang='lat' dir='ltr'><strong>Primo</strong></span> <span class='ocrx_word' id='word_1_13' title='bbox 440 420 496 460; x_wconf 87' lang='lat' dir='ltr'><strong>ita</strong></span> <span class='ocrx_word' id='word_1_14' title='bbox 520 420 679 460; x_wconf 84' lang='lat' dir='ltr'><strong>chortes</strong></span> <span class='ocrx_word' id='word_1_15' title='bbox 703 421 744 460; x_wconf 68' lang='grc' dir='ltr'><strong>δε</strong></span> <span class='ocrx_word' id='word_1_16' title='bbox 767 422 923 461; x_wconf 88' lang='lat' dir='ltr'><strong>culinae</strong></span> <span class='ocrx_word' id='word_1_17' title='bbox 951 422 1087 461; x_wconf 80' lang='lat' dir='ltr'>calidis</span> <span class='ocrx_word' id='word_1_18' title='bbox 1108 421 1208 462; x_wconf 89' lang='lat' dir='ltr'><strong>locis</strong></span> <span class='ocrx_word' id='word_1_19' title='bbox 1238 423 1499 477; x_wconf 70' lang='lat' dir='ltr'><strong>designentur.</strong></span> 
     </span>
     <span class='ocr_line' id='line_1_5' title="bbox 235 484 1504 537; baseline 0.002 -12"><span class='ocrx_word' id='word_1_20' title='bbox 235 484 389 525; x_wconf 85' lang='lat' dir='ltr'><strong>Bubilia</strong></span> <span class='ocrx_word' id='word_1_21' title='bbox 415 484 454 522; x_wconf 91' lang='lat' dir='ltr'><strong>in</strong></span> <span class='ocrx_word' id='word_1_22' title='bbox 490 495 602 537; x_wconf 87' lang='lat' dir='ltr'><strong>parte</strong></span> <span class='ocrx_word' id='word_1_23' title='bbox 634 484 850 523; x_wconf 88' lang='lat' dir='ltr'><strong>meridiana</strong></span> <span class='ocrx_word' id='word_1_24' title='bbox 883 486 962 534; x_wconf 88' lang='lat' dir='ltr'><strong>ita,</strong></span> <span class='ocrx_word' id='word_1_25' title='bbox 1003 496 1048 525; x_wconf 90' lang='lat' dir='ltr'><strong>ut</strong></span> <span class='ocrx_word' id='word_1_26' title='bbox 1081 485 1128 523; x_wconf 83' lang='lat' dir='ltr'><strong>ad</strong></span> <span class='ocrx_word' id='word_1_27' title='bbox 1154 497 1312 535; x_wconf 87' lang='lat' dir='ltr'><strong>ortum,</strong></span> <span class='ocrx_word' id='word_1_28' title='bbox 1347 501 1417 528; x_wconf 91' lang='lat' dir='ltr'><strong>aut</strong></span> <span class='ocrx_word' id='word_1_29' title='bbox 1454 489 1504 528; x_wconf 89' lang='lat' dir='ltr'><strong>ad</strong></span> 
     </span>
     <span class='ocr_line' id='line_1_6' title="bbox 235 546 1506 601; baseline 0.001 -13"><span class='ocrx_word' id='word_1_30' title='bbox 235 548 374 588; x_wconf 78' lang='lat' dir='ltr'><strong>focum</strong></span> <span class='ocrx_word' id='word_1_31' title='bbox 413 548 542 587; x_wconf 89' lang='lat' dir='ltr'><strong>boves</strong></span> <span class='ocrx_word' id='word_1_32' title='bbox 571 546 757 601; x_wconf 49' lang='lat' dir='ltr'><strong>spectent.</strong></span> <span class='ocrx_word' id='word_1_33' title='bbox 813 548 1050 588; x_wconf 87' lang='lat' dir='ltr'><strong>Nitidiorem</strong></span> <span class='ocrx_word' id='word_1_34' title='bbox 1076 549 1180 586; x_wconf 88' lang='lat' dir='ltr'><strong>enim</strong></span> <span class='ocrx_word' id='word_1_35' title='bbox 1214 548 1362 588; x_wconf 90' lang='lat' dir='ltr'><strong>cultum</strong></span> <span class='ocrx_word' id='word_1_36' title='bbox 1399 551 1506 589; x_wconf 86' lang='lat' dir='ltr'><strong>reci-</strong></span> 
     </span>
     <span class='ocr_line' id='line_1_7' title="bbox 235 610 1508 664; baseline 0.002 -15"><span class='ocrx_word' id='word_1_37' title='bbox 235 611 354 664; x_wconf 88' lang='lat' dir='ltr'><strong>piunt</strong></span> <span class='ocrx_word' id='word_1_38' title='bbox 385 610 411 648; x_wconf 84' lang='lat' dir='ltr'>si</span> <span class='ocrx_word' id='word_1_39' title='bbox 427 610 475 648; x_wconf 88' lang='lat' dir='ltr'><strong>ad</strong></span> <span class='ocrx_word' id='word_1_40' title='bbox 503 610 636 650; x_wconf 86' lang='lat' dir='ltr'><strong>lumen</strong></span> <span class='ocrx_word' id='word_1_41' title='bbox 658 611 876 650; x_wconf 86' lang='lat' dir='ltr'><strong>attendant.</strong></span> <span class='ocrx_word' id='word_1_42' title='bbox 914 610 1105 650; x_wconf 86' lang='lat' dir='ltr'><strong>Latitudo</strong></span> <span class='ocrx_word' id='word_1_43' title='bbox 1130 610 1220 650; x_wconf 86' lang='lat' dir='ltr'><strong>XV.</strong></span> <span class='ocrx_word' id='word_1_44' title='bbox 1247 611 1412 664; x_wconf 86' lang='lat' dir='ltr'><strong>pedibus</strong></span> <span class='ocrx_word' id='word_1_45' title='bbox 1433 612 1508 651; x_wconf 87' lang='lat' dir='ltr'><strong>dis-</strong></span> 
     </span>
     <span class='ocr_line' id='line_1_8' title="bbox 235 671 1504 726; baseline 0.001 -14"><span class='ocrx_word' id='word_1_46' title='bbox 235 685 436 725; x_wconf 77' lang='lat' dir='ltr'><strong>ponatur,</strong></span> <span class='ocrx_word' id='word_1_47' title='bbox 466 673 506 712; x_wconf 85' lang='lat'>&amp;</span> <span class='ocrx_word' id='word_1_48' title='bbox 526 673 566 711; x_wconf 89' lang='lat' dir='ltr'><strong>in</strong></span> <span class='ocrx_word' id='word_1_49' title='bbox 584 671 745 724; x_wconf 76' lang='lat' dir='ltr'><strong>singulis</strong></span> <span class='ocrx_word' id='word_1_50' title='bbox 761 673 974 725; x_wconf 89' lang='lat' dir='ltr'><strong>parietibus</strong></span> <span class='ocrx_word' id='word_1_51' title='bbox 997 673 1063 712; x_wconf 90' lang='lat' dir='ltr'><strong>IX.</strong></span> <span class='ocrx_word' id='word_1_52' title='bbox 1085 674 1204 726; x_wconf 88' lang='lat' dir='ltr'><strong>pedes</strong></span> <span class='ocrx_word' id='word_1_53' title='bbox 1221 672 1504 726; x_wconf 81' lang='lat' dir='ltr'><strong>relinquantur.</strong></span> 
     </span>
     <span class='ocr_line' id='line_1_9' title="bbox 235 734 1504 787; baseline 0 -13"><span class='ocrx_word' id='word_1_54' title='bbox 235 735 392 787; x_wconf 78' lang='lat' dir='ltr'><strong>Equilia</strong></span> <span class='ocrx_word' id='word_1_55' title='bbox 421 734 556 774; x_wconf 87' lang='lat' dir='ltr'>calidis</span> <span class='ocrx_word' id='word_1_56' title='bbox 576 734 674 774; x_wconf 91' lang='lat' dir='ltr'><strong>locis</strong></span> <span class='ocrx_word' id='word_1_57' title='bbox 692 736 950 783; x_wconf 81' lang='lat' dir='ltr'><strong>ordinentur,</strong></span> <span class='ocrx_word' id='word_1_58' title='bbox 980 736 1022 775; x_wconf 86' lang='lat'>&amp;</span> <span class='ocrx_word' id='word_1_59' title='bbox 1048 734 1278 775; x_wconf 76' lang='lat' dir='ltr'>obscuriora</span> <span class='ocrx_word' id='word_1_60' title='bbox 1308 735 1428 782; x_wconf 82' lang='lat' dir='ltr'><strong>fiant,</strong></span> <span class='ocrx_word' id='word_1_61' title='bbox 1458 746 1504 774; x_wconf 92' lang='lat' dir='ltr'><strong>ut</strong></span> 
     </span>
     <span class='ocr_line' id='line_1_10' title="bbox 236 795 1506 850; baseline 0 -14"><span class='ocrx_word' id='word_1_62' title='bbox 236 797 368 837; x_wconf 77' lang='lat' dir='ltr'><strong>securi</strong></span> <span class='ocrx_word' id='word_1_63' title='bbox 396 796 488 848; x_wconf 87' lang='lat' dir='ltr'><strong>equi</strong></span> <span class='ocrx_word' id='word_1_64' title='bbox 510 796 761 848; x_wconf 88' lang='lat' dir='ltr'><strong>pabulentur.</strong></span> <span class='ocrx_word' id='word_1_65' title='bbox 791 795 926 835; x_wconf 83' lang='lat' dir='ltr'>Ovilia</span> <span class='ocrx_word' id='word_1_66' title='bbox 948 797 989 836; x_wconf 66' lang='grc' dir='ltr'>ἃ</span> <span class='ocrx_word' id='word_1_67' title='bbox 1016 798 1177 850; x_wconf 81' lang='lat' dir='ltr'>caprilia</span> <span class='ocrx_word' id='word_1_68' title='bbox 1205 811 1278 850; x_wconf 88' lang='lat' dir='ltr'><strong>pro</strong></span> <span class='ocrx_word' id='word_1_69' title='bbox 1308 798 1506 848; x_wconf 78' lang='lat' dir='ltr'><strong>magnitu-</strong></span> 
     </span>
     <span class='ocr_line' id='line_1_11' title="bbox 236 857 1507 913; baseline -0.003 -13"><span class='ocrx_word' id='word_1_70' title='bbox 236 861 330 900; x_wconf 83' lang='lat' dir='ltr'><strong>dine</strong></span> <span class='ocrx_word' id='word_1_71' title='bbox 355 860 436 913; x_wconf 82' lang='lat' dir='ltr'><strong>agri</strong></span> <span class='ocrx_word' id='word_1_72' title='bbox 468 871 771 913; x_wconf 80' lang='lat' dir='ltr'><strong>componantur.</strong></span> <span class='ocrx_word' id='word_1_73' title='bbox 813 859 925 899; x_wconf 85' lang='lat' dir='ltr'><strong>Cella</strong></span> <span class='ocrx_word' id='word_1_74' title='bbox 951 860 1105 899; x_wconf 78' lang='lat' dir='ltr'><strong>vinaria</strong></span> <span class='ocrx_word' id='word_1_75' title='bbox 1138 872 1278 899; x_wconf 86' lang='lat' dir='ltr'><strong>contra</strong></span> <span class='ocrx_word' id='word_1_76' title='bbox 1313 857 1507 912; x_wconf 75' lang='lat' dir='ltr'><strong>frigidissi-</strong></span> 
     </span>
     <span class='ocr_line' id='line_1_12' title="bbox 237 921 1508 975; baseline -0.002 -13"><span class='ocrx_word' id='word_1_77' title='bbox 237 935 322 962; x_wconf 86' lang='lat' dir='ltr'><strong>mas</strong></span> <span class='ocrx_word' id='word_1_78' title='bbox 352 922 455 961; x_wconf 92' lang='lat' dir='ltr'><strong>coeli</strong></span> <span class='ocrx_word' id='word_1_79' title='bbox 478 921 612 974; x_wconf 82' lang='lat' dir='ltr'>plagas</span> <span class='ocrx_word' id='word_1_80' title='bbox 638 922 875 962; x_wconf 85' lang='lat' dir='ltr'><strong>collocetur.</strong></span> <span class='ocrx_word' id='word_1_81' title='bbox 908 922 1060 961; x_wconf 82' lang='lat' dir='ltr'><strong>Lumen</strong></span> <span class='ocrx_word' id='word_1_82' title='bbox 1087 922 1261 961; x_wconf 86' lang='lat' dir='ltr'><strong>fenestris</strong></span> <span class='ocrx_word' id='word_1_83' title='bbox 1288 934 1309 960; x_wconf 91' lang='lat' dir='ltr'><strong>a</strong></span> <span class='ocrx_word' id='word_1_84' title='bbox 1332 921 1508 975; x_wconf 80' lang='lat' dir='ltr'><strong>septem-</strong></span> 
     </span>
     <span class='ocr_line' id='line_1_13' title="bbox 236 984 1507 1037; baseline -0.003 -12"><span class='ocrx_word' id='word_1_85' title='bbox 236 987 371 1026; x_wconf 82' lang='lat' dir='ltr'><strong>trione</strong></span> <span class='ocrx_word' id='word_1_86' title='bbox 407 985 628 1024; x_wconf 86' lang='lat' dir='ltr'><strong>tribuatur:</strong></span> <span class='ocrx_word' id='word_1_87' title='bbox 676 997 721 1024; x_wconf 89' lang='lat' dir='ltr'><strong>ut</strong></span> <span class='ocrx_word' id='word_1_88' title='bbox 754 985 930 1037; x_wconf 84' lang='lat' dir='ltr'><strong>undique</strong></span> <span class='ocrx_word' id='word_1_89' title='bbox 962 984 1128 1036; x_wconf 83' lang='lat' dir='ltr'><strong>frigidus</strong></span> <span class='ocrx_word' id='word_1_90' title='bbox 1157 986 1222 1024; x_wconf 81' lang='lat' dir='ltr'><strong>ae&#39;r</strong></span> <span class='ocrx_word' id='word_1_91' title='bbox 1258 985 1351 1022; x_wconf 80' lang='lat' dir='ltr'><strong>vina</strong></span> <span class='ocrx_word' id='word_1_92' title='bbox 1387 985 1507 1022; x_wconf 91' lang='lat' dir='ltr'><strong>inco-</strong></span> 
     </span>
     <span class='ocr_line' id='line_1_14' title="bbox 234 1043 1508 1098; baseline -0.003 -12"><span class='ocrx_word' id='word_1_93' title='bbox 234 1045 356 1086; x_wconf 89' lang='lat' dir='ltr'><strong>lumia</strong></span> <span class='ocrx_word' id='word_1_94' title='bbox 386 1043 525 1085; x_wconf 84' lang='lat' dir='ltr'><strong>servet.</strong></span> <span class='ocrx_word' id='word_1_95' title='bbox 561 1045 724 1098; x_wconf 86' lang='lat' dir='ltr'><strong>Vapore</strong></span> <span class='ocrx_word' id='word_1_96' title='bbox 747 1045 849 1084; x_wconf 86' lang='lat' dir='ltr'><strong>enim</strong></span> <span class='ocrx_word' id='word_1_97' title='bbox 875 1044 1009 1082; x_wconf 87' lang='lat' dir='ltr'><strong>omnia</strong></span> <span class='ocrx_word' id='word_1_98' title='bbox 1029 1054 1352 1095; x_wconf 85' lang='lat' dir='ltr'><strong>corrumpuntur.</strong></span> <span class='ocrx_word' id='word_1_99' title='bbox 1394 1043 1508 1083; x_wconf 85' lang='lat' dir='ltr'><strong>Tor-</strong></span> 
     </span>
     <span class='ocr_line' id='line_1_15' title="bbox 235 1104 1508 1158; baseline -0.002 -11"><span class='ocrx_word' id='word_1_100' title='bbox 235 1107 350 1147; x_wconf 82' lang='lat' dir='ltr'><strong>cular</strong></span> <span class='ocrx_word' id='word_1_101' title='bbox 375 1107 491 1146; x_wconf 83' lang='lat' dir='ltr'><strong>huius</strong></span> <span class='ocrx_word' id='word_1_102' title='bbox 506 1106 546 1144; x_wconf 88' lang='lat' dir='ltr'><strong>in</strong></span> <span class='ocrx_word' id='word_1_103' title='bbox 567 1104 888 1157; x_wconf 83' lang='lat' dir='ltr'><strong>septemtrionem</strong></span> <span class='ocrx_word' id='word_1_104' title='bbox 907 1116 1092 1158; x_wconf 87' lang='lat' dir='ltr'><strong>ponatur.</strong></span> <span class='ocrx_word' id='word_1_105' title='bbox 1124 1104 1232 1144; x_wconf 87' lang='lat' dir='ltr'><strong>Cella</strong></span> <span class='ocrx_word' id='word_1_106' title='bbox 1249 1118 1381 1144; x_wconf 84' lang='lat' dir='ltr'><strong>autem</strong></span> <span class='ocrx_word' id='word_1_107' title='bbox 1403 1105 1508 1144; x_wconf 82' lang='lat' dir='ltr'><strong>olea-</strong></span> 
     </span>
     <span class='ocr_line' id='line_1_16' title="bbox 236 1167 1509 1222; baseline -0.002 -12"><span class='ocrx_word' id='word_1_108' title='bbox 236 1170 289 1210; x_wconf 86' lang='lat' dir='ltr'><strong>ris</strong></span> <span class='ocrx_word' id='word_1_109' title='bbox 311 1171 349 1209; x_wconf 88' lang='lat' dir='ltr'><strong>in</strong></span> <span class='ocrx_word' id='word_1_110' title='bbox 379 1170 542 1208; x_wconf 87' lang='lat' dir='ltr'><strong>meridie</strong></span> <span class='ocrx_word' id='word_1_111' title='bbox 564 1167 839 1209; x_wconf 85' lang='lat' dir='ltr'><strong>constituenda</strong></span> <span class='ocrx_word' id='word_1_112' title='bbox 866 1167 939 1207; x_wconf 83' lang='lat' dir='ltr'><strong>est:</strong></span> <span class='ocrx_word' id='word_1_113' title='bbox 977 1167 1172 1208; x_wconf 82' lang='lat' dir='ltr'><strong>fenestrae</strong></span> <span class='ocrx_word' id='word_1_114' title='bbox 1190 1168 1239 1207; x_wconf 84' lang='lat' dir='ltr'><strong>ab</strong></span> <span class='ocrx_word' id='word_1_115' title='bbox 1266 1169 1401 1208; x_wconf 87' lang='lat' dir='ltr'><strong>eadem</strong></span> <span class='ocrx_word' id='word_1_116' title='bbox 1420 1182 1509 1222; x_wconf 87' lang='lat' dir='ltr'><strong>par-</strong></span> 
     </span>
     <span class='ocr_line' id='line_1_17' title="bbox 237 1229 1508 1282; baseline 0 -11"><span class='ocrx_word' id='word_1_117' title='bbox 237 1244 279 1272; x_wconf 86' lang='lat' dir='ltr'><strong>te</strong></span> <span class='ocrx_word' id='word_1_118' title='bbox 300 1232 547 1279; x_wconf 79' lang='lat' dir='ltr'><strong>tribuantur,</strong></span> <span class='ocrx_word' id='word_1_119' title='bbox 582 1243 632 1269; x_wconf 90' lang='lat' dir='ltr'><strong>ne</strong></span> <span class='ocrx_word' id='word_1_120' title='bbox 665 1229 814 1282; x_wconf 82' lang='lat' dir='ltr'><strong>frigore</strong></span> <span class='ocrx_word' id='word_1_121' title='bbox 842 1230 977 1269; x_wconf 89' lang='lat' dir='ltr'><strong>oleum</strong></span> <span class='ocrx_word' id='word_1_122' title='bbox 1002 1244 1093 1271; x_wconf 89' lang='lat' dir='ltr'><strong>cum</strong></span> <span class='ocrx_word' id='word_1_123' title='bbox 1124 1231 1304 1272; x_wconf 88' lang='lat' dir='ltr'><strong>sordibus</strong></span> <span class='ocrx_word' id='word_1_124' title='bbox 1335 1233 1508 1272; x_wconf 88' lang='lat' dir='ltr'><strong>retinea-</strong></span> 
     </span>
     <span class='ocr_line' id='line_1_18' title="bbox 237 1293 1505 1349; baseline 0 -14"><span class='ocrx_word' id='word_1_125' title='bbox 237 1307 327 1343; x_wconf 86' lang='lat' dir='ltr'><strong>tur,</strong></span> <span class='ocrx_word' id='word_1_126' title='bbox 354 1296 396 1335; x_wconf 82' lang='lat'>&amp;</span> <span class='ocrx_word' id='word_1_127' title='bbox 423 1293 597 1335; x_wconf 87' lang='lat' dir='ltr'><strong>suavitas</strong></span> <span class='ocrx_word' id='word_1_128' title='bbox 627 1294 774 1349; x_wconf 87' lang='lat' dir='ltr'><strong>saporis</strong></span> <span class='ocrx_word' id='word_1_129' title='bbox 800 1305 951 1348; x_wconf 87' lang='lat' dir='ltr'><strong>pereat.</strong></span> <span class='ocrx_word' id='word_1_130' title='bbox 989 1294 1186 1335; x_wconf 88' lang='lat' dir='ltr'><strong>Torcular</strong></span> <span class='ocrx_word' id='word_1_131' title='bbox 1214 1296 1332 1336; x_wconf 90' lang='lat' dir='ltr'><strong>huius</strong></span> <span class='ocrx_word' id='word_1_132' title='bbox 1359 1297 1398 1335; x_wconf 90' lang='lat' dir='ltr'><strong>in</strong></span> <span class='ocrx_word' id='word_1_133' title='bbox 1419 1309 1505 1335; x_wconf 83' lang='lat' dir='ltr'><strong>me-</strong></span> 
     </span>
     <span class='ocr_line' id='line_1_19' title="bbox 236 1356 1506 1412; baseline 0 -14"><span class='ocrx_word' id='word_1_134' title='bbox 236 1358 332 1399; x_wconf 85' lang='lat' dir='ltr'><strong>ridie</strong></span> <span class='ocrx_word' id='word_1_135' title='bbox 350 1356 566 1397; x_wconf 84' lang='lat' dir='ltr'><strong>statuatur:</strong></span> <span class='ocrx_word' id='word_1_136' title='bbox 587 1357 821 1409; x_wconf 80' lang='lat' dir='ltr'><strong>magnitudo</strong></span> <span class='ocrx_word' id='word_1_137' title='bbox 846 1370 920 1412; x_wconf 90' lang='lat' dir='ltr'><strong>pro</strong></span> <span class='ocrx_word' id='word_1_138' title='bbox 943 1358 1185 1398; x_wconf 86' lang='lat' dir='ltr'><strong>abundantia</strong></span> <span class='ocrx_word' id='word_1_139' title='bbox 1215 1360 1269 1398; x_wconf 92' lang='lat' dir='ltr'><strong>rei</strong></span> <span class='ocrx_word' id='word_1_140' title='bbox 1293 1358 1373 1398; x_wconf 88' lang='lat' dir='ltr'><strong>fiat.</strong></span> <span class='ocrx_word' id='word_1_141' title='bbox 1400 1359 1506 1398; x_wconf 83' lang='lat' dir='ltr'><strong>Gra-</strong></span> 
     </span>
     <span class='ocr_line' id='line_1_20' title="bbox 235 1419 1505 1473; baseline 0 -15"><span class='ocrx_word' id='word_1_142' title='bbox 235 1419 347 1459; x_wconf 84' lang='lat' dir='ltr'><strong>naria</strong></span> <span class='ocrx_word' id='word_1_143' title='bbox 362 1419 411 1458; x_wconf 87' lang='lat' dir='ltr'><strong>ad</strong></span> <span class='ocrx_word' id='word_1_144' title='bbox 436 1419 759 1471; x_wconf 86' lang='lat' dir='ltr'><strong>septemtrionem</strong></span> <span class='ocrx_word' id='word_1_145' title='bbox 783 1421 849 1458; x_wconf 84' lang='lat' dir='ltr'><strong>vel</strong></span> <span class='ocrx_word' id='word_1_146' title='bbox 874 1421 1103 1473; x_wconf 86' lang='lat' dir='ltr'><strong>aquilonem</strong></span> <span class='ocrx_word' id='word_1_147' title='bbox 1128 1420 1320 1473; x_wconf 68' lang='lat' dir='ltr'><strong>spectent,</strong></span> <span class='ocrx_word' id='word_1_148' title='bbox 1343 1432 1387 1459; x_wconf 89' lang='lat' dir='ltr'><strong>ut</strong></span> <span class='ocrx_word' id='word_1_149' title='bbox 1410 1422 1505 1459; x_wconf 74' lang='lat' dir='ltr'><strong>aere</strong></span> 
     </span>
     <span class='ocr_line' id='line_1_21' title="bbox 236 1479 1505 1534; baseline 0.001 -16"><span class='ocrx_word' id='word_1_150' title='bbox 236 1480 419 1534; x_wconf 82' lang='lat' dir='ltr'><strong>gelidiori</strong></span> <span class='ocrx_word' id='word_1_151' title='bbox 444 1480 579 1531; x_wconf 84' lang='lat' dir='ltr'><strong>fruges</strong></span> <span class='ocrx_word' id='word_1_152' title='bbox 606 1481 734 1519; x_wconf 84' lang='lat' dir='ltr'><strong>tutius</strong></span> <span class='ocrx_word' id='word_1_153' title='bbox 772 1479 993 1520; x_wconf 86' lang='lat' dir='ltr'><strong>serventur.</strong></span> <span class='ocrx_word' id='word_1_154' title='bbox 1043 1482 1271 1534; x_wconf 88' lang='lat' dir='ltr'><strong>Vaporatae</strong></span> <span class='ocrx_word' id='word_1_155' title='bbox 1301 1482 1403 1519; x_wconf 81' lang='lat' dir='ltr'><strong>enini</strong></span> <span class='ocrx_word' id='word_1_156' title='bbox 1435 1492 1505 1519; x_wconf 88' lang='lat' dir='ltr'><strong>re-</strong></span> 
     </span>
     <span class='ocr_line' id='line_1_22' title="bbox 235 1540 1502 1594; baseline 0.002 -15"><span class='ocrx_word' id='word_1_157' title='bbox 235 1543 377 1594; x_wconf 83' lang='lat' dir='ltr'><strong>giones</strong></span> <span class='ocrx_word' id='word_1_158' title='bbox 404 1540 677 1593; x_wconf 84' lang='lat' dir='ltr'><strong>curguliones‚</strong></span> <span class='ocrx_word' id='word_1_159' title='bbox 702 1542 742 1580; x_wconf 86' lang='lat'>&amp;</span> <span class='ocrx_word' id='word_1_160' title='bbox 763 1543 837 1580; x_wconf 82' lang='lat' dir='ltr'><strong>alia</strong></span> <span class='ocrx_word' id='word_1_161' title='bbox 860 1554 1005 1593; x_wconf 85' lang='lat' dir='ltr'><strong>genera</strong></span> <span class='ocrx_word' id='word_1_162' title='bbox 1031 1542 1282 1582; x_wconf 89' lang='lat' dir='ltr'><strong>bestiolarum</strong></span> <span class='ocrx_word' id='word_1_163' title='bbox 1300 1544 1502 1583; x_wconf 90' lang='lat' dir='ltr'><strong>nutriunt:</strong></span> 
     </span>
     <span class='ocr_line' id='line_1_23' title="bbox 236 1602 1503 1658; baseline 0.001 -15"><span class='ocrx_word' id='word_1_164' title='bbox 236 1617 339 1658; x_wconf 81' lang='lat' dir='ltr'><strong>quae</strong></span> <span class='ocrx_word' id='word_1_165' title='bbox 365 1602 501 1656; x_wconf 83' lang='lat' dir='ltr'><strong>fruges</strong></span> <span class='ocrx_word' id='word_1_166' title='bbox 537 1615 812 1656; x_wconf 87' lang='lat' dir='ltr'><strong>corrumpunt.</strong></span> <span class='ocrx_word' id='word_1_167' title='bbox 844 1605 1020 1649; x_wconf 80' lang='lat' dir='ltr'><strong>Horrea,</strong></span> <span class='ocrx_word' id='word_1_168' title='bbox 1056 1603 1214 1652; x_wconf 83' lang='lat' dir='ltr'><strong>senilia,</strong></span> <span class='ocrx_word' id='word_1_169' title='bbox 1250 1605 1406 1658; x_wconf 86' lang='lat' dir='ltr'><strong>pistrina</strong></span> <span class='ocrx_word' id='word_1_170' title='bbox 1430 1618 1503 1644; x_wconf 83' lang='lat' dir='ltr'><strong>ex·-</strong></span> 
     </span>
     <span class='ocr_line' id='line_1_24' title="bbox 236 1664 1505 1718; baseline -0.001 -12"><span class='ocrx_word' id='word_1_171' title='bbox 236 1677 298 1707; x_wconf 83' lang='lat' dir='ltr'><strong>tra</strong></span> <span class='ocrx_word' id='word_1_172' title='bbox 318 1665 451 1705; x_wconf 80' lang='lat' dir='ltr'><strong>villam</strong></span> <span class='ocrx_word' id='word_1_173' title='bbox 475 1664 564 1704; x_wconf 85' lang='lat' dir='ltr'><strong>sunt</strong></span> <span class='ocrx_word' id='word_1_174' title='bbox 589 1664 882 1712; x_wconf 85' lang='lat' dir='ltr'><strong>constituenda,</strong></span> <span class='ocrx_word' id='word_1_175' title='bbox 917 1678 961 1704; x_wconf 88' lang='lat' dir='ltr'><strong>ut</strong></span> <span class='ocrx_word' id='word_1_176' title='bbox 987 1666 1035 1704; x_wconf 88' lang='lat' dir='ltr'><strong>ab</strong></span> <span class='ocrx_word' id='word_1_177' title='bbox 1063 1667 1162 1718; x_wconf 81' lang='lat' dir='ltr'><strong>ignis</strong></span> <span class='ocrx_word' id='word_1_178' title='bbox 1182 1667 1360 1718; x_wconf 88' lang='lat' dir='ltr'><strong>periculo</strong></span> <span class='ocrx_word' id='word_1_179' title='bbox 1388 1667 1505 1705; x_wconf 84' lang='lat' dir='ltr'><strong>villae</strong></span> 
     </span>
     <span class='ocr_line' id='line_1_25' title="bbox 237 1725 1506 1778; baseline 0 -12"><span class='ocrx_word' id='word_1_180' title='bbox 237 1727 315 1766; x_wconf 84' lang='lat' dir='ltr'><strong>sint</strong></span> <span class='ocrx_word' id='word_1_181' title='bbox 341 1728 524 1767; x_wconf 85' lang='lat' dir='ltr'><strong>tutiores.</strong></span> <span class='ocrx_word' id='word_1_182' title='bbox 561 1725 601 1766; x_wconf 90' lang='lat' dir='ltr'><strong>Si</strong></span> <span class='ocrx_word' id='word_1_183' title='bbox 625 1726 722 1778; x_wconf 88' lang='lat' dir='ltr'><strong>quid</strong></span> <span class='ocrx_word' id='word_1_184' title='bbox 747 1738 846 1765; x_wconf 84' lang='lat' dir='ltr'><strong>vero</strong></span> <span class='ocrx_word' id='word_1_185' title='bbox 869 1726 1009 1766; x_wconf 88' lang='lat' dir='ltr'><strong>melius</strong></span> <span class='ocrx_word' id='word_1_186' title='bbox 1032 1739 1077 1765; x_wconf 92' lang='lat' dir='ltr'><strong>ac</strong></span> <span class='ocrx_word' id='word_1_187' title='bbox 1102 1727 1264 1766; x_wconf 88' lang='lat' dir='ltr'><strong>nitidius</strong></span> <span class='ocrx_word' id='word_1_188' title='bbox 1280 1726 1409 1767; x_wconf 85' lang='lat' dir='ltr'><strong>facere</strong></span> <span class='ocrx_word' id='word_1_189' title='bbox 1434 1739 1506 1767; x_wconf 85' lang='lat' dir='ltr'><strong>vo-</strong></span> 
     </span>
     <span class='ocr_line' id='line_1_26' title="bbox 237 1786 1209 1842; baseline -0.005 -12"><span class='ocrx_word' id='word_1_190' title='bbox 237 1788 381 1838; x_wconf 85' lang='lat' dir='ltr'><strong>lueris,</strong></span> <span class='ocrx_word' id='word_1_191' title='bbox 413 1788 594 1842; x_wconf 80' lang='lat' dir='ltr'><strong>exempla</strong></span> <span class='ocrx_word' id='word_1_192' title='bbox 620 1788 668 1827; x_wconf 87' lang='lat' dir='ltr'><strong>de</strong></span> <span class='ocrx_word' id='word_1_193' title='bbox 696 1787 858 1827; x_wconf 87' lang='lat' dir='ltr'><strong>urbanis</strong></span> <span class='ocrx_word' id='word_1_194' title='bbox 884 1786 1042 1827; x_wconf 85' lang='lat' dir='ltr'><strong>fabricis</strong></span> <span class='ocrx_word' id='word_1_195' title='bbox 1069 1787 1209 1828; x_wconf 83' lang='lat' dir='ltr'><strong>sumes.</strong></span> 
     </span>
    </p>
   </div>
   <div class='ocr_carea' id='block_1_4' title="bbox 790 1879 957 1921">
    <p class='ocr_par' dir='ltr' id='par_1_4' title="bbox 790 1879 957 1921">
     <span class='ocr_line' id='line_1_27' title="bbox 790 1879 957 1921; baseline 0.012 -2"><span class='ocrx_word' id='word_1_196' title='bbox 790 1879 957 1921; x_wconf 87' lang='lat' dir='ltr'><strong>XIV.</strong></span> 
     </span>
    </p>
   </div>
   <div class='ocr_carea' id='block_1_5' title="bbox 567 1960 1176 2015">
    <p class='ocr_par' dir='ltr' id='par_1_5' title="bbox 567 1960 1176 2015">
     <span class='ocr_line' id='line_1_28' title="bbox 567 1960 1176 2015; baseline 0.002 -15"><span class='ocrx_word' id='word_1_197' title='bbox 567 1963 626 2000; x_wconf 85' lang='lat' dir='ltr'><strong>De</strong></span> <span class='ocrx_word' id='word_1_198' title='bbox 655 1960 871 2014; x_wconf 74' lang='lat' dir='ltr'><strong>dispositione</strong></span> <span class='ocrx_word' id='word_1_199' title='bbox 901 1962 1007 2015; x_wconf 76' lang='lat' dir='ltr'><strong>operis</strong></span> <span class='ocrx_word' id='word_1_200' title='bbox 1039 1964 1176 2001; x_wconf 80' lang='lat' dir='ltr'><strong>urbani.</strong></span> 
     </span>
    </p>
   </div>
   <div class='ocr_carea' id='block_1_6' title="bbox 237 2037 1506 2467">
    <p class='ocr_par' dir='ltr' id='par_1_6' title="bbox 237 2037 1506 2467">
     <span class='ocr_line' id='line_1_29' title="bbox 303 2037 1505 2095; baseline 0.004 -16"><span class='ocrx_word' id='word_1_201' title='bbox 303 2038 455 2079; x_wconf 83' lang='lat' dir='ltr'><strong>Urbani</strong></span> <span class='ocrx_word' id='word_1_202' title='bbox 485 2037 621 2090; x_wconf 85' lang='lat' dir='ltr'><strong>itaque</strong></span> <span class='ocrx_word' id='word_1_203' title='bbox 656 2039 787 2091; x_wconf 86' lang='lat' dir='ltr'><strong>operis</strong></span> <span class='ocrx_word' id='word_1_204' title='bbox 811 2041 976 2092; x_wconf 79' lang='lat' dir='ltr'><strong>gratiam</strong></span> <span class='ocrx_word' id='word_1_205' title='bbox 1008 2040 1242 2080; x_wconf 87' lang='lat' dir='ltr'><strong>luminosam</strong></span> <span class='ocrx_word' id='word_1_206' title='bbox 1272 2039 1350 2080; x_wconf 80' lang='lat' dir='ltr'><strong>effe</strong></span> <span class='ocrx_word' id='word_1_207' title='bbox 1381 2055 1505 2095; x_wconf 83' lang='lat' dir='ltr'><strong>opor-</strong></span> 
     </span>
     <span class='ocr_line' id='line_1_30' title="bbox 239 2100 1506 2156; baseline 0.002 -15"><span class='ocrx_word' id='word_1_208' title='bbox 239 2112 320 2142; x_wconf 82' lang='lat' dir='ltr'><strong>tet:</strong></span> <span class='ocrx_word' id='word_1_209' title='bbox 345 2101 574 2154; x_wconf 88' lang='lat' dir='ltr'><strong>praesertim</strong></span> <span class='ocrx_word' id='word_1_210' title='bbox 595 2114 684 2140; x_wconf 89' lang='lat' dir='ltr'><strong>cum</strong></span> <span class='ocrx_word' id='word_1_211' title='bbox 703 2100 799 2140; x_wconf 78' lang='lat' dir='ltr'><strong>nulli</strong></span> <span class='ocrx_word' id='word_1_212' title='bbox 828 2102 950 2141; x_wconf 80' lang='lat' dir='ltr'><strong>vicini</strong></span> <span class='ocrx_word' id='word_1_213' title='bbox 966 2103 1136 2155; x_wconf 89' lang='lat' dir='ltr'><strong>parietes</strong></span> <span class='ocrx_word' id='word_1_214' title='bbox 1157 2102 1383 2156; x_wconf 87' lang='lat' dir='ltr'><strong>impediant.</strong></span> <span class='ocrx_word' id='word_1_215' title='bbox 1412 2102 1506 2143; x_wconf 90' lang='lat' dir='ltr'><strong>Dis-</strong></span> 
     </span>
     <span class='ocr_line' id='line_1_31' title="bbox 237 2164 1503 2220; baseline 0.003 -17"><span class='ocrx_word' id='word_1_216' title='bbox 237 2165 467 2220; x_wconf 86' lang='lat' dir='ltr'><strong>ponendum</strong></span> <span class='ocrx_word' id='word_1_217' title='bbox 493 2164 570 2203; x_wconf 90' lang='lat' dir='ltr'><strong>erit</strong></span> <span class='ocrx_word' id='word_1_218' title='bbox 587 2176 590 2182; x_wconf 93' lang='lat'>·</span> <span class='ocrx_word' id='word_1_219' title='bbox 607 2176 738 2202; x_wconf 86' lang='lat' dir='ltr'><strong>tamen</strong></span> <span class='ocrx_word' id='word_1_220' title='bbox 767 2175 885 2211; x_wconf 76' lang='lat' dir='ltr'><strong>ante,</strong></span> <span class='ocrx_word' id='word_1_221' title='bbox 919 2178 961 2204; x_wconf 88' lang='lat' dir='ltr'><strong>ut</strong></span> <span class='ocrx_word' id='word_1_222' title='bbox 985 2177 1093 2204; x_wconf 88' lang='lat' dir='ltr'><strong>certa</strong></span> <span class='ocrx_word' id='word_1_223' title='bbox 1119 2178 1262 2218; x_wconf 85' lang='lat' dir='ltr'><strong>genera</strong></span> <span class='ocrx_word' id='word_1_224' title='bbox 1297 2166 1503 2208; x_wconf 84' lang='lat' dir='ltr'><strong>aedificio-</strong></span> 
     </span>
     <span class='ocr_line' id='line_1_32' title="bbox 237 2225 1502 2281; baseline 0.002 -16"><span class='ocrx_word' id='word_1_225' title='bbox 237 2239 327 2266; x_wconf 85' lang='lat' dir='ltr'><strong>rum</strong></span> <span class='ocrx_word' id='word_1_226' title='bbox 356 2225 460 2264; x_wconf 88' lang='lat' dir='ltr'><strong>coeli</strong></span> <span class='ocrx_word' id='word_1_227' title='bbox 485 2225 665 2276; x_wconf 84' lang='lat' dir='ltr'><strong>regiones</strong></span> <span class='ocrx_word' id='word_1_228' title='bbox 699 2237 790 2277; x_wconf 85' lang='lat' dir='ltr'><strong>apte</strong></span> <span class='ocrx_word' id='word_1_229' title='bbox 816 2225 957 2277; x_wconf 86' lang='lat' dir='ltr'><strong>poffint</strong></span> <span class='ocrx_word' id='word_1_230' title='bbox 984 2225 1166 2280; x_wconf 58' lang='lat' dir='ltr'><strong>speciare.</strong></span> <span class='ocrx_word' id='word_1_231' title='bbox 1206 2227 1378 2267; x_wconf 77' lang='lat' dir='ltr'><strong>Hiberna</strong></span> <span class='ocrx_word' id='word_1_232' title='bbox 1408 2242 1502 2281; x_wconf 83' lang='lat' dir='ltr'><strong>ergo</strong></span> 
     </span>
     <span class='ocr_line' id='line_1_33' title="bbox 237 2285 1505 2341; baseline 0.002 -15"><span class='ocrx_word' id='word_1_233' title='bbox 237 2287 448 2326; x_wconf 84' lang='lat' dir='ltr'><strong>hibernum</strong></span> <span class='ocrx_word' id='word_1_234' title='bbox 473 2287 723 2326; x_wconf 88' lang='lat' dir='ltr'><strong>occidentem</strong></span> <span class='ocrx_word' id='word_1_235' title='bbox 746 2285 916 2339; x_wconf 68' lang='lat' dir='ltr'><strong>1&#39;pe5lare</strong></span> <span class='ocrx_word' id='word_1_236' title='bbox 942 2288 1108 2335; x_wconf 82' lang='lat' dir='ltr'><strong>debent,</strong></span> <span class='ocrx_word' id='word_1_237' title='bbox 1137 2289 1325 2340; x_wconf 88' lang='lat' dir='ltr'><strong>quoniam</strong></span> <span class='ocrx_word' id='word_1_238' title='bbox 1343 2289 1505 2341; x_wconf 85' lang='lat' dir='ltr'><strong>vesper-</strong></span> 
     </span>
     <span class='ocr_line' id='line_1_34' title="bbox 239 2348 1504 2401; baseline 0.002 -14"><span class='ocrx_word' id='word_1_239' title='bbox 239 2350 327 2387; x_wconf 79' lang='lat' dir='ltr'><strong>tino</strong></span> <span class='ocrx_word' id='word_1_240' title='bbox 352 2348 501 2386; x_wconf 87' lang='lat' dir='ltr'><strong>lumine</strong></span> <span class='ocrx_word' id='word_1_241' title='bbox 532 2361 634 2401; x_wconf 90' lang='lat' dir='ltr'><strong>opus</strong></span> <span class='ocrx_word' id='word_1_242' title='bbox 663 2348 731 2387; x_wconf 82' lang='lat' dir='ltr'><strong>est.</strong></span> <span class='ocrx_word' id='word_1_243' title='bbox 772 2350 872 2388; x_wconf 87' lang='lat' dir='ltr'><strong>Nam</strong></span> <span class='ocrx_word' id='word_1_244' title='bbox 907 2349 963 2389; x_wconf 93' lang='lat' dir='ltr'><strong>sol</strong></span> <span class='ocrx_word' id='word_1_245' title='bbox 986 2352 1173 2391; x_wconf 84' lang='lat' dir='ltr'><strong>occidens</strong></span> <span class='ocrx_word' id='word_1_246' title='bbox 1205 2365 1286 2391; x_wconf 88' lang='lat' dir='ltr'><strong>non</strong></span> <span class='ocrx_word' id='word_1_247' title='bbox 1313 2351 1435 2391; x_wconf 90' lang='lat' dir='ltr'><strong>solum</strong></span> <span class='ocrx_word' id='word_1_248' title='bbox 1455 2351 1504 2390; x_wconf 91' lang='lat' dir='ltr'><strong>il-</strong></span> 
     </span>
     <span class='ocr_line' id='line_1_35' title="bbox 238 2408 1503 2467; baseline 0.005 -19"><span class='ocrx_word' id='word_1_249' title='bbox 238 2410 432 2458; x_wconf 82' lang='lat' dir='ltr'><strong>luminat,</strong></span> <span class='ocrx_word' id='word_1_250' title='bbox 474 2408 537 2448; x_wconf 88' lang='lat' dir='ltr'><strong>sed</strong></span> <span class='ocrx_word' id='word_1_251' title='bbox 566 2422 639 2463; x_wconf 88' lang='lat' dir='ltr'><strong>pro</strong></span> <span class='ocrx_word' id='word_1_252' title='bbox 669 2411 710 2448; x_wconf 78' lang='lat' dir='ltr'><strong>vi</strong></span> <span class='ocrx_word' id='word_1_253' title='bbox 736 2410 880 2450; x_wconf 85' lang='lat' dir='ltr'><strong>caloris</strong></span> <span class='ocrx_word' id='word_1_254' title='bbox 907 2412 1058 2466; x_wconf 87' lang='lat' dir='ltr'><strong>tepidas</strong></span> <span class='ocrx_word' id='word_1_255' title='bbox 1085 2411 1179 2452; x_wconf 87' lang='lat' dir='ltr'><strong>facit</strong></span> <span class='ocrx_word' id='word_1_256' title='bbox 1196 2415 1389 2467; x_wconf 80' lang='lat' dir='ltr'><strong>regiones.</strong></span> <span class='ocrx_word' id='word_1_257' title='bbox 1418 2413 1503 2454; x_wconf 89' lang='lat' dir='ltr'><strong>Cu-</strong></span> 
     </span>
    </p>
   </div>
  </div>
 </body>
</html>
