1600 2902
314 193 396 240 DE
437 183 929 240 ARCHITECTURA
964 194 1071 239 LIB.
1107 194 1139 239 Ι.
1296 212 1354 260 31

101 300 322 347 dextrum
356 300 474 345 latus
508 298 866 354 accedentibUS,
905 298 1039 358 quod
1083 298 1214 345 scuto
1255 316 1355 346 non

100 375 184 418 erit
218 370 420 427 tedium,
456 372 729 432 proximum
765 372 848 416 erit
882 388 1033 415 muro.
1070 371 1355 419 collocanda

98 457 255 491 autem
292 445 466 506 oppida
497 446 602 489 {unt
631 461 727 488 non
757 444 1009 504 quadrata,
1042 460 1128 489 nec
1161 447 1356 506 procur-

95 519 305 564 rentibus
340 518 515 581 anguiis
540 553 552 574 ‚
592 518 670 563 sed
705 518 1084 573 circuitionibus,
1119 520 1187 563 uti
1218 520 1355 565 hostis

97 607 156 636 ex
189 591 403 651 pluribus
431 590 540 635 locis
574 589 893 648 conspiciatur.
943 590 996 632 In
1031 591 1201 649 quibus
1227 592 1355 638 enim

96 665 254 727 anguli
283 673 590 723 procurrunt,
621 661 868 706 difficiliter
898 661 1194 719 defenditur,
1221 664 1358 724 quod

95 739 293 800 angulus
311 736 452 799 magis
471 737 644 781 hostem
669 745 855 780 tueatur
876 751 1020 793 quam
1040 737 1204 783 civem.
1240 740 1360 785 Cras·

96 807 352 854 fitudinem
385 818 542 852 autem
587 807 710 851 muri
755 806 816 851 ita
857 805 1117 851 faciendam
1152 811 1353 869 censeo,

97 880 168 924 uti
199 880 360 925 armati
392 878 604 923 homines
628 910 642 932 ,
680 877 815 937 supra
851 877 1040 922 obviam
1073 880 1312 928 venientes
1338 918 1357 941 ,

97 952 210 998 alius
233 953 375 997 aliurn
402 951 496 995 fine
536 948 844 1009 impeditione
872 952 1118 1010 praeterire
1151 955 1352 1013 poffint:

97 1033 202 1068 tum
248 1024 295 1067 in
347 1021 638 1067 crassitudine
696 1033 950 1082 perpetuae
991 1024 1133 1068 taleae
1185 1028 1357 1088 oleagi-

95 1111 207 1140 neae
255 1095 476 1141 ustulatae
521 1110 665 1153 quam
714 1094 991 1139 creberrime
1038 1096 1360 1157 instruantur,

97 1168 170 1212 uti
201 1178 424 1227 utraeque
456 1167 578 1211 mmi
603 1167 775 1212 frontes
796 1167 917 1213 inter
937 1168 980 1213 se
1004 1170 1352 1229 (quemadmo-

99 1237 216 1282 dum
249 1237 438 1297 fibulis)
477 1238 544 1282 his
574 1237 700 1282 taleis
730 1239 969 1300 colligatae
1003 1252 1236 1286 aeternam
1272 1246 1356 1289 ha·-

98 1310 245 1355 beant
272 1310 538 1355 firmitatem
560 1328 569 1354 :
599 1325 809 1370 namque
832 1311 872 1355 ei
892 1312 1106 1356 materiae
1128 1329 1213 1358 nec
1244 1326 1357 1360 tem-

99 1383 270 1442 pestas,
300 1398 386 1427 nec
414 1381 551 1426 caries
571 1415 584 1438 ‚
623 1397 709 1427 nec
738 1383 935 1428 vetustas
971 1385 1120 1443 potest
1152 1401 1319 1432 nocere
1340 1422 1357 1444 ,

97 1454 177 1499 sed
207 1471 257 1498 ea
287 1455 328 1500 Sc
359 1454 408 1498 in
434 1465 550 1498 terra
578 1454 770 1509 obruta,
809 1455 849 1500 8:
876 1456 923 1498 in
957 1471 1078 1514 aqua
1106 1457 1356 1513 collocata,

96 1539 341 1589 permanet
384 1527 478 1573 sme
519 1526 641 1572 vitiis
678 1527 800 1572 utilis
833 1526 1132 1588 sempiterno.
1186 1530 1354 1589 Itaque

96 1615 195 1644 non
233 1599 383 1644 solum
413 1600 462 1643 in
494 1615 631 1644 muro
651 1632 665 1655 ,
699 1599 779 1644 sed
813 1599 950 1644 etiam
982 1599 1029 1644 in
1061 1597 1356 1645 subin-ustio-

98 1673 259 1728 nibus,
285 1673 466 1732 quique
489 1673 685 1732 parietes
706 1673 874 1717 murali
899 1672 1189 1718 craffitudine
1216 1686 1356 1718 erunt

96 1745 333 1802 faciendi,
364 1746 447 1789 hac
487 1745 665 1789 ratione
708 1743 916 1807 religati,
961 1760 1059 1789 non
1093 1746 1186 1790 cito
1221 1747 1356 1790 vitia-

99 1816 294 1862 buntur.
347 1816 591 1862 Intervalla
632 1827 794 1862 autem
829 1816 1028 1861 turrium
1062 1817 1124 1861 ita
1157 1818 1264 1861 sunt
1295 1818 1359 1863 fa-

100 1889 261 1934 cienda
284 1923 298 1945 ‚
343 1901 396 1934 ut
433 1906 492 1934 ne
532 1889 714 1952 longius
756 1890 809 1934 s1t
844 1889 928 1934 alia
964 1890 1022 1934 ab
1057 1890 1141 1934 alia
1172 1891 1362 1954 sagittae

102 1960 350 2005 missionis:
382 1963 452 2006 uti
487 1962 515 2006 si
548 1978 641 2021 qua
676 1974 1004 2024 oppugnetur,
1039 1974 1144 2008 tum
1170 1980 1195 2007 a
1223 1963 1362 2008 turri-

101 2031 222 2086 bus,
258 2047 377 2090 quae
414 2045 552 2078 erunt
583 2034 747 2078 dextra
782 2050 832 2079 ac
867 2034 1032 2080 sinissra
1055 2070 1067 2091 ‚
1104 2036 1361 2095 scorpioni-

105 2103 220 2158 bus,
249 2106 531 2166 reliquisque
560 2108 763 2152 telorum
798 2108 1107 2164 missionibus,
1129 2109 1277 2154 hostes
1298 2125 1360 2154 re·

104 2177 328 2221 iiciantur.
358 2179 604 2240 Etiamque
632 2193 795 2226 contra
825 2182 1040 2226 inferiora
1067 2183 1268 2227 turrium
1294 2183 1363 2226 di-

104 2249 337 2293 videndus
381 2251 442 2295 est
486 2270 685 2309 murus,
743 2255 990 2299 intervallis
1040 2267 1134 2299 tam
1188 2255 1363 2314 magnis

105 2337 249 2380 quam
283 2333 418 2365 erunt
454 2336 624 2381 turres,
657 2338 710 2370 ut
748 2326 910 2370 itinera
944 2327 1031 2370 {int
1063 2326 1361 2370 interioribus

103 2393 313 2452 partibus
347 2395 546 2439 turrium
581 2399 878 2460 contignata,
912 2415 1068 2457 neque
1098 2416 1147 2441 ea
1176 2397 1293 2442 ferro
1318 2399 1366 2443 fi·

102 2479 175 2509 xa.
215 2464 366 2510 Hostis
393 2465 520 2510 enim
554 2466 585 2511 sl
615 2485 756 2527 quam
790 2483 970 2530 partem
1004 2470 1121 2514 muti
1163 2485 1370 2529 occupa«⁴
