1600 2902
249 203 330 249 DE
361 201 849 250 ARCHITECTURA
884 201 993 248 ΠΒ.
1033 201 1137 249 VII.
1244 219 1326 267 193

72 329 268 373 aquam,
304 312 345 357 ὃς
384 311 443 356 ad
484 311 670 372 propria
724 312 959 372 proposita
1007 311 1334 368 traducentes,

73 383 397 428 foecundiores
443 382 482 427 Sc
520 383 833 443 expeditiores
880 383 1103 427 habemus
1135 383 1194 427 ad
1232 383 1335 428 scri-

70 456 282 502 bendum
317 457 578 513 facultates,
635 457 901 516 talibusque
939 458 1228 502 confidentes
1253 475 1337 502 au-

71 529 275 576 &oribus
310 531 540 576 audemus
574 531 883 576 institutiones
915 547 1058 575 novas
1092 548 1335 591 compara-

68 618 128 646 re.
167 602 310 664 Igitur
339 604 448 646 tales
472 601 688 663 ingressus
719 618 882 646 eorum
912 603 1108 659 habens,
1131 620 1248 664 qnos
1273 605 1331 651 ad

69 676 295 735 propositi
324 676 415 719 mei
447 675 643 719 rationes
687 675 995 720 animadverti
1023 690 1334 738 praeparatOS,

69 747 181 792 inde
201 747 433 792 sumendo
454 746 666 808 progredi
688 747 837 806 coepi.
874 747 1094 808 Namque
1123 752 1333 809 primum

70 821 387 881 Agatharchus
411 819 629 875 Athenis,
656 818 888 881 Aeschylo
921 820 1124 866 docente
1158 835 1336 885 tragoe-

72 895 225 949 diam,
268 894 448 938 scenam
483 893 617 949 fecit,
655 894 696 937 Sc
734 893 794 939 de
842 910 893 938 ea
931 898 1328 942 commentarium

67 967 268 1025 reliquit.
311 966 377 1010 Ex
414 982 470 1010 eo
507 965 678 1009 moniti
712 965 1035 1021 Democritus,
1069 967 1110 1012 8c
1146 966 1333 1012 Anaxa-

66 1055 230 1102 goras,
279 1039 338 1083 de
381 1040 545 1085 eadem
589 1039 976 1098 rescripserunt,
1017 1042 1334 1101 quemadmo-

67 1112 184 1156 dum
214 1123 427 1171 oporteat
449 1111 508 1156 ad
535 1111 680 1156 aciem
710 1112 960 1156 oculorum
992 1112 1331 1173 radiorumque

67 1185 416 1240 extensionem,
452 1196 578 1230 certo
614 1188 718 1230 loco
753 1196 915 1231 centro
949 1187 1229 1243 constituto,
1270 1188 1332 1232 ad

68 1257 208 1300 lineas
233 1257 410 1300 ratione
433 1257 628 1300 naturali
653 1256 964 1316 respondere3
996 1258 1066 1302 uti
1098 1257 1156 1303 de
1184 1259 1332 1307 incer-

68 1340 113 1372 ta
145 1344 192 1372 re
222 1340 370 1373 certae
401 1328 621 1390 imagines
650 1328 970 1373 aedificiorum
1004 1329 1051 1373 in
1089 1330 1331 1377 scenarum

68 1396 256 1461 pieiuris
292 1399 543 1444 redderent
577 1398 803 1459 speciem,
845 1400 886 1445 8:
921 1415 1041 1459 quae
1074 1402 1122 1444 in
1151 1399 1330 1446 direcsiis

67 1475 312 1533 planisque
342 1473 575 1518 frontibus
605 1473 690 1517 sint
720 1474 960 1535 figuratae,
979 1476 1064 1519 alia
1085 1475 1330 1523 abst-edem

67 1547 154 1601 tia,
190 1547 274 1591 alia
303 1546 618 1606 prominentia
655 1546 740 1590 effe
770 1548 1031 1593 videantur.
1074 1549 1234 1593 Postea
1264 1549 1332 1594 Si-

67 1617 200 1660 lenus
226 1615 284 1660 de
309 1616 583 1676 symmetriis
603 1616 884 1660 Doricorurn
907 1616 1054 1661 edidit
1075 1620 1326 1664 volumen:

67 1689 126 1733 de
153 1688 265 1733 aede
297 1688 488 1732 lunonis
509 1722 520 1742 ,
552 1704 672 1746 quae
709 1688 770 1732 est
798 1687 947 1744 Sarni,
986 1689 1153 1733 Dorica
1180 1690 1332 1737 Theo·

69 1761 237 1806 dorus:
287 1761 443 1806 Ionica
475 1761 662 1820 Ephesi,
699 1778 820 1820 quae
856 1763 918 1806 est
949 1763 1152 1820 Dianae,
1190 1763 1330 1810 Ctesi·

67 1835 199 1893 phon
236 1834 276 1878 82·
314 1834 602 1895 Metagenes:
660 1834 719 1878 de
753 1835 862 1879 sano
897 1836 1162 1892 Minervae,
1194 1838 1329 1897 quod

65 1905 127 1950 est
158 1905 378 1959 l'rienae,
420 1906 659 1961 lonicum,
702 1906 912 1952 Phileos:
954 1908 1068 1952 item
1113 1908 1171 1953 de
1213 1912 1328 1954 aede

68 1975 304 2020 Minervae
346 1976 515 2021 Dorica
539 2011 551 2032 ,
587 1994 707 2036 quae
749 1980 810 2023 est
850 1979 1045 2024 Athenis
1092 1980 1139 2023 in
1187 1998 1288 2026 arce
1312 2017 1326 2038 ,

66 2046 236 2093 minus
272 2051 311 2094 Sc
342 2052 569 2111 Carpion:
599 2053 878 2099 Theodorus
911 2057 1123 2100 Phoceus
1149 2057 1206 2102 de
1230 2060 1327 2104 tho-

67 2124 141 2178 lo,
180 2124 261 2182 qui
292 2125 354 2168 est
376 2125 568 2185 Delphis
594 2147 601 2171 ε
639 2129 772 2172 Philo
804 2130 863 2173 de
889 2130 1073 2174 aedium
1098 2131 1324 2176 sacrarum

67 2197 364 2257 symmetriis,
401 2200 441 2244 8(
486 2199 544 2243 de
583 2203 969 2257 armamentario,
1000 2204 1132 2261 qiiosl
1176 2204 1324 2249 fuerat

66 2270 253 2330 Pyraeei
279 2282 416 2330 portu
440 2291 449 2315 ι
488 2273 808 2337 Hermogenes
835 2277 893 2320 de
918 2276 1031 2320 aede
1057 2276 1231 2320 Dianae
1252 2278 1324 2322 Io·

65 2342 191 2396 nica,
223 2359 341 2400 quae
383 2345 445 2388 est
479 2347 731 2407 Magnesiae
763 2349 1175 2408 pseudodipteros,
1195 2352 1234 2395 xc
1257 2351 1325 2395 Li-

68 2413 165 2458 beri
197 2416 338 2459 Patris
370 2418 471 2462 Teo
503 2431 834 2480 monopteros:
874 2422 986 2466 item
1021 2421 1230 2483 Argelius
1262 2424 1322 2468 de

67 2486 342 2547 symmetriis
376 2489 625 2536 Corinthiis
648 2527 661 2549 ,
703 2494 743 2538 82·
771 2495 933 2540 lonico
966 2494 1201 2540 Tiallibus
1227 2493 1322 2540 Ae-

199 2553 425 2600 Vitmvius.
1019 2560 1060 2602 N
