1600 2902
258 165 334 207 350
572 143 1210 190 ARcfflTECTURAE

257 250 365 303 quod
392 259 574 302 patenam
600 260 756 287 aeream
797 246 945 294 habet,
975 246 1090 300 super
1117 247 1320 287 fornacem
1349 246 1527 287 colloce-

256 325 346 361 tur,
387 312 552 352 alterum
590 311 831 365 frigidarium
862 310 1007 359 secus,
1052 321 1124 357 ut,
1161 324 1350 362 quantum
1391 309 1525 349 caldae

257 387 307 413 ex
330 387 381 413 eo
408 375 446 412 in
469 374 607 414 solium
631 374 887 421 admittatur,
915 383 1069 412 tantum
1090 372 1253 425 frigidae
1276 374 1523 413 infundatur.

257 436 558 490 Magnitudines
593 448 727 476 autem
765 435 991 475 balnearum
1025 448 1100 488 pro
1139 436 1345 475 hominum
1384 438 1527 491 copia,

259 512 330 539 aut
364 498 586 538 voluntatis
617 497 743 551 gratia
779 497 864 536 fieri
902 494 1130 545 debebunt3
1160 496 1378 537 dummodo
1408 499 1532 537 cellae

260 559 313 599 fic
336 560 621 612 disponantur,
662 570 705 598 ut
734 571 882 611 quanta
919 559 1129 613 longitudo
1165 558 1286 599 fuerit
1313 559 1429 599 tertia
1457 560 1532 598 ad-

261 634 368 662 emta
398 621 566 661 latitudo
601 631 887 675 componatur:
933 622 1072 661 melius
1099 622 1203 660 enim
1237 622 1334 675 ignis
1365 634 1434 674 per
1459 634 1533 661 an-

260 685 434 738 gustiora
461 684 681 723 latitudinis
707 685 894 724 cellarum
918 684 1160 738 operabitur.
1194 684 1364 724 Aestivis
1387 685 1534 724 balneis

263 746 571 801 hypocausteria
603 760 676 800 pro
704 746 782 786 loci
813 747 1082 799 magnitudine
1107 760 1198 786 cum
1229 747 1388 800 piscinis
1414 747 1454 786 in
1475 746 1533 787 se-

262 812 506 866 ptemtrione
524 812 590 850 vel
615 811 800 863 aquilone
819 811 1109 851 constituantur
1121 826 1141 860 3>
1164 812 1204 851 &
1219 811 1266 850 ab
1290 811 1426 851 eadem
1447 824 1536 864 par-

263 887 305 916 te
337 876 506 915 maxime
528 875 662 915 lumen
688 875 866 914 fenestris
888 875 1142 924 admittatur3
1179 886 1223 915 ut
1249 873 1536 922 sulubriorem,

264 938 307 977 δι
340 936 577 989 corporibus
612 938 890 977 iucundiorem
933 939 1098 992 gratiam
1131 937 1312 992 praestet.
1363 936 1411 976 In
1443 936 1537 977 villa

265 998 408 1038 rustica
433 998 616 1039 balneum
655 999 808 1039 culinae
837 1003 1130 1054 coniungatur,
1161 1012 1206 1042 ut
1232 1000 1386 1041 facilius
1414 1012 1438 1039 a
1466 1013 1537 1041 ru-

263 1062 372 1108 sticis
397 1061 653 1103 ministerium
677 1064 853 1104 exhiberi
879 1064 1011 1118 poffit.

800 1159 1014 1201 XVII.

668 1238 728 1275 De
758 1238 901 1276 cameris
925 1238 1137 1278 balnearum.

322 1313 517 1354 Camerae
550 1313 738 1355 strufflles
772 1314 961 1356 fortiores
1000 1327 1132 1356 erunt.
1172 1315 1374 1369 Figulinae
1404 1326 1541 1356 autem

251 1377 319 1416 ·ad
341 1377 683 1430 contignationem
715 1377 1003 1430 suspendantur
1029 1378 1083 1417 ita
1100 1407 1111 1425 ‚
1142 1388 1188 1418 ut
1217 1379 1368 1418 catenis
1392 1377 1543 1417 ancho-

270 1440 368 1479 ratis
387 1439 507 1487 fixae,
536 1441 688 1492 tegulas
708 1441 748 1480 &
771 1440 940 1493 paliola,
971 1438 1088 1494 ⁴quae
1113 1452 1307 1480 cameram
1329 1439 1543 1488 circinent,

270 1499 502 1540 sustineant.
529 1501 673 1540 Eadem
696 1505 852 1542 ratione
873 1504 914 1542 &
939 1504 1074 1555 planas
1093 1515 1270 1542 cameras
1295 1501 1428 1540 facies.
1454 1501 1544 1541 Uti-

272 1562 347 1602 lius
375 1575 507 1601 autem
529 1563 791 1614 disponetur,
824 1565 849 1602 sl
877 1564 1037 1617 regulae
1057 1564 1123 1603 vel
1144 1577 1260 1603 arcus
1286 1563 1403 1603 ferrei
1421 1564 1517 1603 fiant
1533 1594 1545 1613 ‚

274 1636 320 1664 nt
348 1625 461 1663 uncis
487 1623 625 1664 ferreis
648 1626 696 1663 ad
728 1627 1068 1678 contignationem
1104 1625 1394 1678 suspendantur
1422 1626 1475 1664 ita
1502 1636 1548 1665 ut

273 1686 498 1738 tegularum
523 1685 728 1726 iunuurae
755 1686 869 1740 super
897 1688 1051 1740 regulas
1078 1688 1147 1726 vel
1170 1700 1285 1726 arcus
1299 1688 1548 1728 recumbant.

275 1746 510 1799 Superiores
538 1759 634 1800 ergo
670 1747 874 1788 iuncturae
900 1760 949 1788 ex
977 1748 1148 1801 capillo,
1185 1749 1225 1788 δι
1264 1748 1397 1801 argilla
1429 1747 1549 1788 suba-

277 1809 335 1849 &a
369 1811 567 1850 liniantur.
621 1810 794 1852 Inferior
817 1823 949 1852 autem
984 1825 1073 1863 pars
1110 1810 1340 1859 iuueturae,
1371 1824 1473 1862 quae
1501 1812 1549 1851 ad

276 1872 552 1925 pavimentum
576 1871 785 1926 speeiabit‚
814 1875 944 1926 primo
967 1873 1075 1913 calce
1097 1886 1187 1913 cum
1214 1873 1307 1912 testa
1328 1884 1550 1924 temperata

277 1932 509 1973 trulliffetur
532 1949 541 1972 :
569 1934 711 1973 deinde
742 1934 890 1973 albario
918 1934 1000 1973 five
1038 1933 1209 1973 tectorio
1234 1945 1356 1986 opere
1381 1933 1550 1972 induca-

279 2006 358 2034 tur.
404 1996 537 2034 Maior
565 2008 694 2036 tamen
712 1996 752 2035 &
782 1995 1009 2048 diligentiae
1033 1996 1074 2036 &
1100 1996 1280 2035 utilitatis
1309 1996 1412 2035 ratio
1436 1995 1551 2035 vide-

279 2068 368 2104 tur,
401 2057 429 2095 s1
457 2057 632 2109 duplices
657 2057 886 2097 balnearum
918 2071 1097 2098 camerae
1123 2058 1240 2107 fiant,
1272 2057 1439 2098 inferior
1465 2070 1550 2098 cae-

278 2121 459 2159 mentitia
476 2149 485 2165 ,
518 2121 559 2160 &
580 2119 757 2173 superior
774 2119 972 2173 suspensa.
998 2120 1110 2160 Inter
1124 2121 1222 2160 duas
1243 2120 1346 2160 enim
1373 2132 1551 2159 cameras

280 2181 427 2220 humor
453 2192 632 2220 retentus
660 2193 863 2232 nunquam
892 2182 1049 2221 vitiabit
1080 2182 1449 2235 contignationem:
1483 2179 1550 2221 su-

283 2243 462 2283 dationes
480 2244 597 2283 etiam
629 2244 931 2297 praestabuntur
951 2245 1152 2285 meliores.
