1600 2902
320 177 402 222 DE
435 173 930 223 Asscni‘rECTURA
965 174 1071 221 Lm.
1105 176 1135 219 1.
1302 190 1362 237 39

110 288 171 331 ita
203 283 514 330 deformatum
537 318 549 341 ,
583 295 637 329 ut
668 295 884 344 appareat
907 283 1035 329 unde
1062 281 1174 329 certi
1199 292 1365 326 vento-

109 375 212 404 rum
243 357 423 417 spiritus
449 358 685 412 oriantur3
722 359 919 402 alterum
953 355 1361 417 quemadmodum

109 431 167 476 ab
199 432 380 491 impetu
424 447 617 486 eorum,
661 430 852 475 adversis
882 427 1213 475 direelionibns
1237 428 1366 473 vico-

108 519 214 547 rum
234 502 275 547 Sc
293 504 550 562 platearum
569 536 582 558 ‚
612 502 845 547 evitentur
864 513 1084 548 nocentes
1104 500 1248 546 flatus.
1274 500 1367 546 Erit

109 585 265 618 autem
298 575 346 618 in
378 586 634 633 exaequata
677 574 868 633 planitie
902 586 1149 630 centrum,
1188 573 1270 618 ubi
1306 573 1366 618 est

109 645 237 689 litera
270 657 328 700 A,
366 646 611 707 gnomonis
652 656 810 689 autem
858 645 1222 691 antemeridiana
1264 661 1369 689 um-

109 716 217 772 bra,
253 716 335 761 ubi
370 718 431 761 est
453 731 502 771 Β,
535 717 576 762 Sc
614 717 672 762 ab
706 726 867 762 centro
888 717 971 761 ubi
993 717 1054 762 est
1084 730 1145 773 Α,
1177 713 1369 762 diducto

111 790 289 835 circino
304 789 363 834 ad
384 790 431 833 id
448 790 625 852 signum
653 789 847 833 umbrae
865 823 878 845 ‚
906 789 988 834 ubi
1019 790 1080 834 est
1100 803 1151 844 Β,
1173 789 1370 835 circum-

112 876 272 927 agatur
298 864 418 909 linea
450 863 818 910 rotundationis:
857 863 1057 922 reposito
1078 874 1233 907 autem
1259 878 1372 924 gno·

111 953 255 983 mone
272 935 355 982 ubi
378 947 509 982 antea
530 935 680 982 fuerat
698 969 711 992 ‚
733 932 1043 995 exspectanda
1070 935 1132 980 est
1156 934 1273 979 dum
1294 933 1373 977 de-

112 1008 277 1053 crescat
293 1041 307 1064 ,
334 1007 569 1067 faciatque
590 1008 762 1052 iterum
784 1005 1037 1052 crescendo.
1058 1022 1216 1067 parem
1241 1014 1375 1049 ante-

112 1082 393 1127 meridianae
420 1081 616 1126 umbrae
641 1079 1076 1140 postmeridianam‚
1118 1087 1375 1141 tangatque

113 1155 284 1199 lineam
310 1154 679 1210 rotundationis,
709 1154 792 1198 ubi
821 1153 905 1198 erit
934 1154 1064 1199 litera
1095 1167 1135 1198 C.
1182 1153 1323 1197 Tunc
1350 1167 1375 1196 a

115 1226 242 1289 signo
262 1226 344 1272 ubi
365 1227 425 1271 est
444 1239 469 1270 Β
487 1260 500 1282 ,
534 1226 575 1270 ὃς
601 1226 659 1270 ab
687 1226 813 1287 signo
843 1226 923 1270 ubi
945 1228 1006 1271 est
1029 1239 1080 1281 c,
1103 1225 1275 1271 circino
1293 1223 1376 1269 de-

118 1299 323 1346 cuffatim
355 1299 637 1345 describatur
661 1299 745 1344 ubi
779 1299 865 1343 erit
889 1312 949 1353 D,
988 1299 1164 1344 deinde
1183 1314 1267 1358 per
1295 1297 1376 1341 de·

118 1371 419 1417 cussationem
453 1372 534 1416 ubi
568 1372 628 1416 est
654 1385 715 1428 D,
746 1369 786 1415 8:
806 1383 1018 1415 centrum
1038 1405 1050 1426 ‚
1091 1371 1378 1430 perducatur

118 1444 238 1488 linea
270 1444 327 1488 ad
358 1456 620 1488 extremum
643 1477 655 1498 ‚
695 1443 742 1487 in
785 1459 879 1502 qua
907 1455 1044 1487 erunt
1084 1443 1240 1487 literae
1270 1455 1298 1486 E
1337 1442 1377 1487 8c

119 1526 162 1558 f.
189 1514 312 1558 Haec
346 1514 466 1558 linea
486 1515 570 1559 erit
602 1513 746 1558 index
774 1514 1082 1569 meridianae‚
1117 1515 1158 1559 Sc
1176 1515 1379 1574 septem-

124 1586 325 1630 trionalis
357 1587 567 1649 regionis.
608 1587 748 1632 Tunc
779 1588 950 1631 circino
982 1587 1125 1632 totius
1150 1586 1381 1632 totunda-

119 1660 255 1704 tionis
281 1660 506 1705 sumenda
536 1661 597 1704 est
628 1677 729 1720 pars
753 1660 1086 1716 sextadecima,
1122 1660 1378 1719 circinique

120 1745 334 1778 centrum
380 1733 660 1794 ponendum
707 1734 754 1778 in
786 1734 1043 1779 meridiana
1070 1735 1216 1788 linea,
1261 1749 1381 1792 quae

122 1806 268 1867 tangit
286 1806 671 1851 rotundationem
696 1807 779 1852 ubi
808 1808 869 1852 est
893 1808 1023 1853 litera
1054 1821 1081 1852 Ε
1098 1842 1109 1862 ‚
1144 1808 1184 1853 Sc
1207 1808 1384 1867 signali-¹

124 1879 238 1923 dum
277 1879 438 1924 dextra
472 1896 522 1925 ac
547 1881 739 1937 sinissra,
774 1881 859 1926 ubi
887 1893 1024 1926 erunt
1054 1882 1210 1926 literae
1242 1893 1272 1923 G
1292 1914 1305 1934 ‚
1335 1892 1382 1923 ιι.

124 1952 240 1996 Item
285 1954 332 1997 in
380 1954 745 2013 septemtrionali
790 1967 919 2014 parte
965 1967 1180 1999 centrum
1226 1952 1382 1997 circini

127 2026 404 2082 ponendum
424 2026 470 2071 in
490 2028 834 2073 rotundationis
858 2027 1223 2088 septemtrionali
1246 2027 1383 2080 linea,

132 2095 213 2139 ubi
236 2098 295 2140 est
314 2097 440 2142 litera
466 2112 523 2154 F,
556 2099 595 2143 8c
624 2100 895 2162 signandum
925 2100 1088 2144 dextra
1122 2115 1173 2144 ac
1197 2098 1384 2151 sinistra,

132 2167 211 2211 ubi
234 2167 336 2213 sunt
360 2170 514 2215 literae
541 2185 557 2215 1
579 2172 619 2217 8:
651 2187 706 2228 K,
739 2173 779 2217 &⁶
806 2173 866 2218 ab
885 2185 913 2216 G
935 2173 993 2216 ad
1022 2187 1074 2227 K,
1110 2172 1149 2215 Sc
1183 2171 1240 2214 al)
1272 2182 1301 2212 H
1327 2167 1386 2212 ad

132 2252 175 2294 1,
213 2255 294 2298 per
323 2254 534 2286 centrum
579 2244 726 2288 lineae
761 2244 1099 2305 perducendae.
1147 2243 1212 2286 lta
1252 2243 1385 2301 quod

131 2313 216 2356 erit
238 2314 432 2372 spatium
458 2316 516 2360 ab
542 2329 572 2361 G
604 2318 660 2361 ad
692 2332 749 2374 H,
787 2319 873 2363 erit
911 2319 1107 2377 spatium
1148 2317 1274 2361 venti
1298 2316 1387 2361 Au·

134 2387 230 2442 stri,
268 2386 309 2430 8(
345 2388 482 2446 partis
518 2392 810 2439 meridianae.
851 2394 968 2438 Item
1008 2392 1138 2450 quod
1172 2394 1255 2437 crit
1288 2393 1385 2452 spa-

133 2460 249 2504 tium
268 2461 327 2505 ab
352 2474 369 2506 1
387 2462 444 2506 ad
467 2476 495 2507 Κ
513 2496 526 2518 ,
556 2465 640 2510 erit
662 2465 1029 2528 Septemtriouis.
1049 2465 1271 2525 Reliquae
1294 2481 1386 2524 par-

1037 2530 1075 2574 C
1108 2547 1139 2588 4
