1600 2902
271 217 351 265 DE
384 216 872 265 ARCHITECTURA
906 215 1012 263 LIB.
1045 216 1125 264 VI.
1244 233 1326 282 175

81 327 207 387 stylia
235 323 275 370 8c
298 340 488 369 coronas
504 358 517 380 ‚
539 336 619 369 aut
650 341 708 369 ex
740 324 954 369 intestino
981 341 1140 384 opere,
1161 334 1240 369 aut
1264 325 1332 368 al·—

82 399 235 450 bari03
274 411 505 458 praeterea
542 398 674 458 supra
711 414 899 443 coronas
932 414 1069 442 curva
1100 397 1331 442 lacunaria

79 470 138 514 ad
164 469 389 513 circinum
418 469 699 513 delumbata.
742 469 794 513 In
817 469 1054 531 Aegyptiis
1083 480 1238 514 autem
1262 469 1333 515 su-

78 556 160 600 pra
195 542 434 585 columnas
473 540 706 600 epistylia,
747 540 786 584 ὃς
827 541 884 584 ab
922 539 1135 599 epistyliis
1168 539 1224 583 ad
1252 557 1332 599 pa-

78 612 211 656 rietes
245 612 329 671 qui
357 612 463 656 sunt
492 613 633 666 circa,
670 612 961 671 imponenda
998 613 1058 656 est
1090 612 1331 674 contigna-

78 686 175 742 tio,
216 687 350 746 supra
384 703 485 731 eam
519 686 728 731 coaxatio
771 687 810 730 86
851 687 1175 746 pavimentum
1197 720 1208 740 ,
1244 685 1330 730 sub

80 758 160 802 (lio
189 770 242 803 ut
276 759 328 802 s1t
361 758 587 803 circuitus.
624 757 810 802 Deinde
835 758 967 817 supra
985 759 1248 819 epistylium
1271 758 1333 803 ad

81 830 474 890 perpendiculum
500 829 771 874 inferiorum
801 831 1154 884 columnarum,
1178 831 1334 889 impo-

81 903 264 947 nendae
308 903 413 948 sunt
454 905 656 949 minores
699 915 861 963 quarta
906 915 1034 964 parte
1074 905 1334 948 columnae.

81 974 228 1035 Supra
265 992 420 1020 earum
455 977 660 1038 epistylia
694 976 734 1022 8c
765 988 1061 1032 ornamenta,
1093 976 1334 1021 lacunariis

84 1060 327 1104 ornantur,
352 1050 393 1095 8<
420 1049 540 1094 inter
567 1051 806 1094 columnas
834 1049 1086 1110 superiores
1116 1047 1335 1094 fenestrae

81 1122 397 1165 collocantur:
440 1122 501 1166 ita
531 1121 813 1166 basilicarum
847 1139 898 1166 ea
926 1122 1206 1178 similitudo,
1235 1137 1335 1167 non

85 1191 438 1238 Corinthiorum
467 1193 800 1249 tricliniorum,
833 1193 1018 1239 videtur
1044 1192 1142 1238 eise.

454 1303 785 1349 CAPUT
857 1302 965 1349 VI.

434 1392 503 1438 De
535 1397 641 1438 oecis
671 1411 782 1438 more
816 1393 985 1437 Graeco.

166 1473 309 1520 Fiunt
342 1486 500 1520 autem
535 1477 671 1521 etiam
704 1491 803 1521 non
831 1476 1011 1521 Italicae
1041 1476 1340 1522 consuetudi-

84 1546 153 1592 nis
194 1548 292 1592 oeci
314 1581 328 1603 ‚
368 1563 487 1606 quos
520 1548 679 1592 Graeci
715 1551 934 1605 κυζικηνοὺς
965 1550 1214 1608 appellant.
1275 1549 1341 1593 Hi

85 1620 374 1663 ‘collocantur
399 1617 652 1678 spectantes
669 1619 728 1663 ad
749 1619 1154 1678 septemtrionem,
1177 1619 1216 1664 Sc
1240 1637 1341 1664 rna-

84 1689 210 1734 xime
241 1689 401 1733 viridia
439 1690 794 1750 prospicientes,
833 1690 1079 1749 valvasque
1113 1690 1341 1734 habentes

85 1760 132 1805 in
161 1761 334 1805 medio.
372 1762 457 1821 Ipli
490 1773 647 1805 autern
675 1761 760 1805 slnt
795 1761 857 1805 ita
889 1762 1017 1823 longi
1049 1762 1088 1804 Sc
1122 1761 1230 1817 lati,
1267 1763 1340 1805 uti

86 1832 182 1876 duo
224 1832 418 1877 triclinia
461 1849 569 1876 curn
611 1833 961 1878 circuitionibus
1007 1835 1126 1878 inter
1157 1834 1200 1878 se
1235 1834 1341 1893 spe-

85 1899 251 1947 &antia
281 1903 447 1962 poffint
482 1903 566 1947 ess'e
599 1905 848 1960 collocata,
890 1904 1187 1963 habeantque
1221 1906 1340 1948 dex*

86 1988 151 2019 tra
190 1992 240 2020 ac
267 1976 433 2020 sinistra
468 1978 647 2021 lumina
678 1976 974 2022 fenestrarum
1004 1979 1180 2022 Valvata
1201 2010 1213 2032 ,
1273 1978 1344 2021 uti

89 2048 248 2092 viridia
293 2049 350 2093 cle
383 2049 507 2095 lec‘lis
545 2066 626 2110 per
656 2050 1124 2110 ipatiaifenestrarum
1158 2051 1341 2110 prospi-

84 2120 276 2164 ciantur.
339 2121 620 2168 Altitudines
660 2140 820 2168 eorum
856 2124 1045 2168 dimidia
1082 2123 1341 2168 latitudinis

87 2191 242 2235 addita
276 2192 625 2238 constituantur.
668 2195 721 2240 In
755 2196 820 2239 his
850 2195 1168 2240 aedificiorum
1199 2209 1340 2255 gene-

88 2263 215 2307 ribus
255 2279 414 2307 ornnes
457 2264 563 2309 sunt
604 2264 838 2310 faciendae
868 2283 1023 2309 earum
1055 2265 1340 2326 lyrnnietria-

88 2353 194 2381 rum
230 2337 452 2392 rationes,
486 2355 607 2397 quae
641 2341 732 2384 sine
769 2340 1079 2399 impeditione
1118 2338 1206 2383 loci
1244 2339 1340 2382 lieri

88 2421 330 2468 poterunt.
398 2410 692 2470 Luminaque
738 2413 970 2471 parietum
1015 2410 1339 2455 altitudinibus

90 2484 120 2527 si
152 2500 249 2529 non
280 2484 681 2543 obscurabuntur,
712 2487 904 2533 faciliter
933 2497 1070 2532 erunt
1098 2487 1336 2547 explicata-
