1600 2902
1229 209 1318 260 253

172 501 255 560 M.
290 496 698 557 VITRUVII
736 491 1209 551 POLLIONIS

645 653 739 685 DE

64 781 1328 868 ARCHITECTURA

392 950 636 998 LIBER
701 948 1014 996 NONUS.

442 1203 946 1253 PRAEFATIO.

65 1279 409 1391 Nommssus
450 1340 665 1396 athletis,
707 1340 789 1400 qui
833 1338 1086 1400 Olympia,
1128 1337 1327 1398 Pythia,

63 1415 274 1469 Isthmia,
302 1414 483 1458 Nemea
505 1448 516 1469 ‚
548 1410 780 1467 vicissent,
817 1411 1101 1455 Graecorum
1135 1411 1330 1455 maiores

64 1486 127 1531 ita
153 1502 345 1548 magnos
377 1486 576 1529 honores
609 1484 949 1529 constituerunt
968 1517 980 1538 ‚
1013 1484 1081 1528 uti
1110 1499 1207 1528 non
1236 1498 1331 1526 mo-

65 1559 128 1604 do
160 1558 207 1602 in
240 1571 480 1603 conventu
522 1557 685 1601 stantes
720 1571 831 1600 cum
877 1556 1027 1615 palma
1073 1555 1113 1601 8c
1156 1571 1330 1599 corona

64 1629 215 1676 ferant
238 1629 414 1686 laudes,
435 1629 511 1674 sed
538 1630 676 1674 etiam
705 1645 816 1673 cum
842 1638 1131 1673 revertantur
1161 1627 1208 1671 in
1234 1627 1332 1671 suas

65 1705 269 1749 civitates
313 1720 424 1748 cum
459 1699 677 1757 vi&oria‚
716 1703 1058 1762 triumphantes
1099 1702 1333 1765 quadrigis

66 1777 115 1820 in
146 1777 331 1820 moenia
359 1776 399 1821 Sc
428 1777 475 1820 in
509 1776 672 1835 patrias
699 1775 1005 1830 invehantur,
1036 1792 1059 1819 e
1079 1792 1225 1834 reque
1245 1793 1333 1834 pu-

65 1849 187 1894 blica
215 1860 441 1909 perpetua
470 1850 560 1893 vita
585 1849 844 1894 constitutis
865 1846 1161 1909 veffligalibus
1184 1849 1333 1894 fruan-

67 1933 156 1967 tur.
192 1923 314 1967 Cum
340 1938 447 1984 ergo
469 1922 515 1965 id
535 1923 900 1967 animadvertam
920 1956 932 1976 ,
956 1920 1183 1977 admiror,
1214 1922 1332 1981 quid

65 1995 128 2038 ita
163 2010 261 2039 non
297 1994 594 2053 scriptoribus
638 1993 780 2038 iidem
822 1996 1053 2050 honores,
1091 1995 1329 2054 etiamque

68 2066 287 2121 maiores,
318 2067 403 2110 {int
437 2066 626 2122 tributi,
665 2067 747 2126 qui
781 2067 982 2111 infinitas
1015 2067 1232 2112 utilitates
1257 2083 1334 2111 ae-

68 2158 131 2185 vo
175 2153 407 2200 perpetuo
456 2141 676 2190 omnibus
716 2142 932 2205 gentibus
983 2143 1223 2202 praestant.
1278 2142 1333 2187 Id

69 2215 196 2259 enim
226 2215 365 2275 magis
397 2227 489 2258 erat
519 2215 692 2260 institui
721 2216 944 2279 dignum,
980 2217 1113 2276 quod
1135 2218 1332 2261 athletae

68 2286 145 2328 sua
189 2300 382 2344 corpora
424 2287 836 2332 exercitationibus
872 2288 1075 2331 efficiunt
1114 2288 1331 2335 fortiora:

68 2357 308 2417 scriptores
341 2375 437 2403 non
472 2359 620 2403 solum
651 2360 752 2405 suos
781 2361 928 2405 sensus
960 2360 1331 2419 pci·fici1111t,fed

72 2430 211 2474 etiam
244 2430 483 2484 omnium,
525 2432 650 2476 libris
680 2433 738 2477 ad
775 2434 1049 2478 discendum
1090 2434 1130 2479 ὃς
1156 2434 1334 2478 :mimos

71 2503 367 2549 exacuendos
401 2517 718 2566 praeparantes
756 2517 1012 2566 praecepta.
1050 2506 1182 2572 Quid
1207 2506 1334 2551 enim
