1600 2902
229 126 302 180 358
544 122 1185 165 ARCHITECTURAE

225 223 338 263 tione
363 219 588 261 vaccinium
613 232 705 259 cum
732 217 830 259 136ὶε
862 230 1152 272 temperantes,
1188 232 1404 274 purpuram
1437 218 1503 258 fa·-

224 285 333 325 ciunt
365 282 600 335 elegantem.
641 281 729 333 Qui
753 293 836 321 non
868 279 1025 334 poffunt
1050 282 1301 333 chrysocolla
1334 293 1502 336 propter

225 345 433 385 caritatem
456 345 539 393 uti,
579 343 701 388 herba
720 374 731 392 ‚
769 355 873 397 quae
905 343 1035 383 lutear
1062 343 1306 397 appellatur,
1340 343 1502 385 succum

226 408 455 447 caeruleum
476 405 681 454 inficiunt,
710 406 750 445 δι
776 417 946 447 utuntur
971 405 1203 446 viridiffimo
1221 407 1368 447 colore.
1392 408 1502 446 Haec

225 483 361 511 autem
391 469 584 510 infeffiva
616 468 878 522 appellantur.
929 469 1097 523 Propter
1126 470 1302 523 inopiam
1331 471 1474 510 coloris
1492 500 1502 518 ,

224 535 339 575 fimili
363 535 486 574 modo
514 546 662 574 cretam
687 534 900 575 formosam
917 567 929 584 ,
957 535 1041 575 sive
1077 535 1320 576 annulari-im
1337 567 1348 585 ‚
1394 536 1504 577 vitro

226 596 461 647 miscentes,
491 597 674 640 inficiunt
698 598 820 638 Indici
843 600 1039 640 colorem.

694 712 1019 753 XXV111.

633 795 694 833 De
720 808 855 832 normae
895 795 1099 833 inventione.

279 871 433 924 Quoad
452 885 592 913 omnes
613 872 705 914 usus
731 888 893 915 normae
913 875 1020 914 ratio
1038 875 1236 915 subtiliter
1262 875 1426 916 inventa
1440 875 1507 914 vi·

225 934 366 982 detur,
395 935 475 974 sine
494 949 571 988 qua
601 937 701 975 nihil
722 938 873 977 utiliter
894 938 977 976 fieri
996 937 1134 990 potest.
1176 938 1268 976 Hoc
1294 937 1413 976 modo
1432 938 1507 977 erit

227 993 490 1046 disponenda.
516 995 733 1036 Sumantur
762 998 895 1049 itaque
922 1008 1002 1036 tres
1020 997 1202 1049 regulae,
1240 1008 1284 1036 ut
1314 999 1416 1037 duae
1434 997 1506 1037 sint

226 1057 396 1109 pedibus
423 1058 544 1106 binis,
577 1060 617 1099 ὃ(
639 1062 758 1099 tertia
779 1061 922 1100 habeat
947 1061 1066 1114 pedes
1095 1061 1197 1100 duos
1226 1062 1361 1101 uncias
1387 1061 1434 1100 X.
1462 1074 1507 1099 ac

228 1119 392 1172 regulae
429 1122 584 1173 aequali
616 1122 876 1174 grossitudine
913 1123 1157 1175 compositae
1192 1124 1379 1163 extremis
1413 1135 1510 1163 acu-—

227 1179 402 1220 minibus
443 1182 684 1235 iungantur,
728 1183 882 1225 schema
909 1183 1104 1226 facientes
1137 1184 1303 1238 trigoni.
1349 1183 1411 1223 Sic
1440 1182 1509 1222 fiet

228 1243 346 1296 periti
374 1256 512 1285 norma
541 1246 776 1300 composita.

754 1350 791 1388 X
820 1351 857 1390 X
884 1350 901 1389 Ῑ
932 1352 982 1391 X.

614 1430 672 1467 De
704 1430 871 1482 horologii
901 1430 1116 1479 institutione.

297 1509 430 1551 Multa
458 1512 650 1562 variaque
682 1523 828 1564 genera
857 1511 946 1549 sunt
976 1511 1306 1563 horologiorum3
1344 1511 1408 1553 sed
1435 1513 1509 1552 Pe-

229 1569 324 1622 ligni
349 1573 390 1610 ἃ
414 1572 636 1624 Hemicycli
674 1573 796 1624 magis
829 1583 984 1624 aperta,
1015 1573 1054 1611 δι
1082 1572 1283 1625 sequenda
1308 1575 1412 1613 ratio
1441 1576 1508 1614 vi-

231 1633 359 1672 detur.
393 1633 593 1686 pelignum
616 1635 720 1674 enim
749 1635 1005 1687 horologium
1032 1635 1174 1674 dicitur
1197 1637 1309 1690 quod
1335 1649 1384 1677 ex
1408 1638 1509 1678 dua-

232 1697 308 1736 bus
337 1698 478 1737 tabulis
513 1699 748 1741 marmoreis
781 1698 847 1737 vel
882 1698 1048 1752 lapideis
1076 1697 1281 1752 superiore
1312 1711 1424 1753 parte
1451 1701 1510 1741 la-

232 1761 406 1800 tioribus
424 1791 436 1808 ,
469 1760 661 1802 inferiore
688 1761 984 1813 angustioribus
1014 1761 1302 1816 componitur:
1342 1761 1407 1804 sed
1433 1763 1510 1802 hae

230 1824 391 1863 tabulae
423 1825 577 1878 aequali
612 1825 794 1865 mensura
824 1824 953 1873 fiunt,
982 1824 1024 1865 δι
1047 1825 1180 1877 quinis
1214 1824 1326 1864 lineis
1355 1824 1509 1865 direffis

232 1898 451 1935 notantur,
477 1901 520 1928 ut
549 1890 736 1941 angulum
766 1888 936 1937 faciant,
963 1890 1028 1939 qui
1051 1887 1197 1928 sextam
1226 1888 1364 1930 horam
1385 1887 1510 1941 signa·

229 1951 300 1990 bit.
345 1952 471 1991 Semis
495 1964 592 2004 ergo
620 1964 712 1992 ante
731 1953 894 2005 primam
913 1983 924 2000 ‚
950 1952 988 1991 oe
1014 1950 1127 1990 seniis
1150 1950 1237 2003 post
1260 1950 1508 1990 undecimam

232 2014 471 2068 supplebunt
495 2015 583 2055 XII.
619 2028 809 2056 numeros
835 2016 1023 2054 horarum
1041 2045 1052 2062 ‚
1084 2014 1148 2053 sed
1174 2013 1314 2053 iunftis
1334 2015 1510 2068 aequali-

229 2086 292 2116 ter
318 2089 436 2125 anoe,
485 2079 526 2119 δι
560 2078 733 2119 extensis
760 2081 799 2117 in
827 2079 975 2130 angulo
1008 2078 1159 2117 summo
1192 2077 1396 2117 iuncturae
1433 2079 1505 2118 cir·

232 2138 368 2178 einum
401 2140 522 2193 figeS,
564 2143 606 2181 &
641 2142 792 2195 angulo
826 2144 1049 2196 proximum
1087 2143 1280 2183 circulum
1314 2142 1458 2193 facies,
1489 2155 1509 2181 a

231 2214 313 2253 quo
348 2202 518 2256 primum
560 2204 688 2243 lineae
730 2205 919 2245 horarum
960 2206 1130 2258 partitae
1173 2206 1396 2257 aequaliter
1435 2218 1509 2244 no·-

233 2272 386 2302 tantur.
427 2264 526 2303 Item
558 2265 677 2304 alium
713 2267 904 2306 maioxem
936 2266 1128 2307 circulum
1157 2266 1206 2304 ab
1243 2267 1384 2306 eodem
1408 2279 1509 2318 pun-

232 2325 297 2366 &o
324 2329 457 2380 anguli
483 2329 631 2377 facies,
675 2331 744 2382 qui
767 2345 890 2384 prope
927 2344 1036 2370 oram
1069 2332 1293 2372 tabularum
1319 2333 1508 2385 attingat,

236 2389 284 2427 ad
305 2402 425 2442 quem
444 2391 606 2432 aestivis
632 2394 882 2448 temporibus
906 2395 1118 2448 gnomonis
1145 2396 1284 2436 umbra
1312 2396 1506 2449 pervenit.
