1600 2902
258 233 342 280 DE
373 229 865 280 ARCHITECTURA
900 228 1011 275 Lm.
1040 227 1101 274 v.
1220 240 1308 289 139

49 352 114 386 tes
145 342 186 388 843
224 352 388 386 natura
434 341 560 385 vocis
592 337 888 402 congruentis
920 334 1098 380 habent
1136 330 1313 375 finitio·-

47 432 155 467 nes,
185 416 225 459 86
250 415 289 459 ei
325 425 580 459 concentus
601 422 903 473 procreantur
931 425 987 454 ex
1016 401 1314 451 coniunfflo-z,

46 504 108 532 ,ne
134 488 401 543 sonituum,
436 489 519 547 qui
548 488 721 531 Graece
748 487 844 543 cpfflo'p
859 501 922 537 γοι
956 482 1191 527 dicuntur.

444 603 481 648 C
516 601 555 646 A
592 603 627 646 P
664 600 705 644 U
737 600 782 643 T
848 598 908 643 V,

457 689 528 733 De
574 688 732 732 theatri
767 686 892 745 vaſsa

110 778 180 823 Ita
205 796 262 823 ex
289 779 358 823 his
389 776 793 839 indagationibus,
818 771 1156 818 mathematicis
1179 769 1313 815 ratio-

45 850 184 894 nibus
216 853 336 894 hunt
362 850 461 895 vasa
491 865 617 893 aerea
644 864 732 907 pro
767 847 947 890 ratione
976 842 1316 905 magnitudinis

47 924 234 968 theatri:
269 941 416 983 eaque
448 925 511 968 ita
546 921 850 976 fabricentur,
892 930 944 964 ut
966 934 1076 962 cum
1113 926 1312 976 tangun-

46 1005 123 1040 tur
139 1030 151 1051 ,
181 997 387 1042 sonitum
412 997 558 1041 facere
577 996 748 1056 pollint
767 995 887 1038 inter
918 992 960 1036 se
976 1025 987 1046 ,
1008 989 1281 1033 diatessaron
1297 1018 1313 1041 ,

45 1069 293 1128 diapente,
324 1088 383 1114 ex
414 1071 582 1114 ordine
610 1070 669 1113 ad
689 1066 995 1127 disdiapason.
1042 1062 1202 1108 Postea
1237 1059 1313 1103 in-

44 1152 117 1185 ter
144 1142 271 1187 sedes
306 1145 496 1198 theatri,
522 1143 781 1188 constitutis
811 1141 934 1186 cellis
955 1175 966 1195 ,
1002 1137 1183 1182 ratione
1213 1149 1313 1177 mu-

46 1212 132 1257 slca
173 1215 236 1258 ibi
273 1217 590 1271 collocentur,
627 1217 687 1259 ita
733 1216 803 1261 uti
852 1214 1038 1258 nullum
1084 1208 1313 1269 parietem

46 1294 261 1347 tangant,
299 1288 513 1347 circaque
543 1288 747 1333 habeant
780 1288 941 1330 locum
971 1298 1173 1328 vacuum
1212 1279 1252 1323 Sc
1284 1294 1311 1321 a.

44 1358 232 1403 summo
265 1362 414 1419 capite
459 1362 689 1420 spatium:
734 1369 1072 1419 ponanturque
1103 1351 1312 1406 inversa,

43 1432 85 1475 Sc
123 1432 322 1476 habeant
362 1435 409 1478 in
451 1445 607 1494 parte,
646 1451 765 1495 quae
797 1429 1067 1493 {pedat-ad
1098 1429 1312 1481 scenam,

43 1504 304 1563 suppositos
340 1523 539 1562 cuneOS,
579 1524 638 1551 ne
672 1508 825 1551 minus
849 1507 964 1549 altos
993 1499 1307 1560 semipedem:

44 1587 305 1637 contraque
333 1594 403 1622 eas
422 1579 554 1623 cellas
575 1580 903 1638 relinquantur
924 1585 1164 1636 aperturae
1190 1570 1312 1615 infe-

42 1648 223 1695 riorum
247 1650 475 1713 graduum
499 1651 732 1697 cubilibus
749 1687 762 1707 ,
798 1653 965 1713 longae
989 1648 1130 1708 pedes
1161 1647 1278 1690 duos
1295 1676 1311 1699 ,

43 1725 161 1770 altae
206 1726 506 1785 semipedem.
558 1726 908 1787 Defignationes
950 1733 1107 1768 autem
1148 1724 1310 1764 earum

45 1796 217 1854 quibus
251 1797 298 1840 in
340 1799 448 1842 locis
493 1799 866 1852 constituantur,
910 1796 968 1840 s1c
1002 1795 1311 1853 explicentur,

45 1867 93 1912 Si
125 1885 223 1914 non
253 1870 337 1914 erit
366 1872 520 1930 ampla
554 1870 880 1933 magnitudine
918 1869 1176 1920 theatrum,
1212 1879 1311 1909 me-

46 1941 120 1985 dia
150 1942 406 1988 altitudinis
442 1944 690 1990 transversa
713 1945 839 2007 regio
865 1944 1160 2006 designetur,
1192 1939 1233 1984 &⁴
1253 1939 1305 1984 in

47 2030 99 2057 ea
129 2016 350 2061 tredecim
375 2019 544 2074 cellae,
572 2019 826 2063 duodecim
858 2015 1131 2077 aequalibus
1165 2015 1307 2057 inter-

47 2089 174 2132 vallis
218 2090 429 2137 distantes
476 2093 884 2149 confornicentur,
927 2093 996 2138 uti
1041 2108 1091 2136 ea
1135 2091 1307 2145 echea,

48 2177 168 2219 quae
198 2162 329 2221 supra
356 2164 520 2226 scripta
540 2166 673 2222 sunt,
701 2166 758 2209 ad
788 2176 927 2210 neten
950 2164 1307 2225 hyperbolaeon

46 2234 286 2291 sonanda,
320 2238 367 2281 in
405 2240 556 2295 cellis,
594 2256 715 2298 qnae
751 2240 856 2283 sunt
888 2239 936 2282 in
970 2238 1190 2283 cornibus
1223 2254 1308 2281 ex-

47 2307 227 2363 tremis,
252 2321 446 2370 utraque
479 2324 608 2371 parte
629 2315 777 2373 prima
797 2313 1089 2356 collocentur
1108 2329 1116 2354 :
1143 2311 1306 2354 secun-

51 2380 110 2423 da
132 2380 189 2423 ab
224 2384 439 2426 extremis
469 2385 737 2430 diatessaron
766 2385 823 2430 ad
851 2395 991 2428 neten
1022 2382 1306 2444 diezengrne·

47 2469 177 2497 non:
231 2455 361 2499 tertia
404 2455 671 2502 (liateffaron
716 2459 775 2501 ad
816 2468 957 2501 neten
1002 2457 1301 2515 parameson:

46 2538 209 2587 quarta
236 2528 505 2579 diatessaron
532 2530 589 2575 ad
609 2543 750 2579 neten
770 2534 1113 2595 synemmenon
1135 2550 1143 2576 ;
1172 2533 1305 2595 quin.
