1600 2902
238 215 298 262 16
490 212 559 257 M.
596 209 885 257 VITRUVII
918 210 1260 259 POLLIONIS

235 320 477 381 disciplina
508 320 560 364 sit
586 318 893 364 condecorata
929 316 969 362 8c
1006 318 1250 364 abundans
1276 317 1503 364 eruditio·

235 395 378 441 nibus
410 394 541 439 variis
578 408 629 437 ac
663 390 907 451 pluribus,
946 405 1045 435 non
1077 402 1199 450 puto
1230 391 1356 451 poffe
1386 392 1500 438 iuste

235 477 430 526 repente
458 465 503 509 se
531 463 741 524 profiteri
771 461 1073 518 architefilos,
1111 463 1193 508 nisi
1226 463 1308 524 qui
1333 463 1392 508 ab
1425 480 1500 509 ae-

235 551 329 586 tate
359 539 528 600 puerili
549 539 615 582 his
648 537 863 601 gradibus
899 535 1245 595 disciplinarum
1277 537 1500 582 scanden-

234 613 329 669 do,
361 611 547 656 scientia
576 609 786 669 plurium
814 609 1051 653 literarum
1082 607 1123 651 8c
1149 609 1318 654 artium
1347 611 1499 655 nutri-

234 685 303 739 ti,
335 681 636 744 pervenerint
667 680 727 724 ad
763 680 1003 724 summum
1033 680 1266 739 templum
1303 682 1499 725 archite-

235 752 406 801 &urae
426 755 488 800 At
515 753 694 800 forta-{se
719 754 891 798 mirum
920 751 1157 797 videbitur
1179 753 1400 812 imperitis
1422 755 1498 798 ho-

232 827 444 874 minibus
462 860 478 884 ,
528 827 656 888 poffe
676 838 887 872 naturam
910 837 1095 870 tantum
1128 841 1382 871 numerum
1415 828 1501 872 do-

233 902 490 950 &inarum
510 902 764 963 perdiscere
784 902 823 948 ἃ
842 901 1069 946 memoria
1089 900 1343 945 continere.
1371 901 1499 948 Cum

233 988 396 1022 autem
430 975 866 1029 animadverterint,
894 988 1060 1018 omnes
1092 971 1354 1032 disciplinas
1378 974 1501 1019 inter

233 1049 279 1095 se
311 1046 698 1095 coniunffionem
739 1062 897 1092 rerum
940 1046 981 1092 8:
1009 1045 1496 1092 communicationem

235 1122 431 1177 habere,
462 1121 560 1165 fieri
592 1119 721 1180 posse
748 1118 940 1164 faciliter
977 1117 1208 1163 credetur.
1249 1117 1495 1178 Encyclios

232 1196 364 1241 enim
390 1193 656 1254 disciplina,
684 1193 753 1236 uti
778 1208 946 1252 corpus
975 1206 1129 1235 unum
1151 1205 1210 1235 ex
1243 1191 1311 1234 his
1341 1208 1496 1236 mem-

232 1268 327 1315 bris
360 1268 422 1312 est
449 1267 718 1327 composita.
751 1265 943 1324 Itaque,
979 1264 1063 1323 qui
1095 1280 1120 1307 a
1145 1263 1313 1307 teneris
1340 1263 1497 1308 aetati-

232 1341 323 1387 bus
367 1338 713 1386 eruditionibus
746 1337 878 1382 variis
921 1335 1237 1392 instruuntur,
1271 1337 1495 1382 omnibus

230 1413 399 1469 literis,
425 1412 683 1476 agnoscunt
713 1409 898 1455 easdem
924 1419 1078 1465 notas,
1101 1408 1496 1454 communicatio-

231 1502 445 1545 nemque
479 1485 698 1530 omnium
729 1479 1106 1541 disciplinarum,
1140 1482 1182 1526 ὃς
1213 1496 1263 1524 ea
1296 1497 1345 1524 re
1382 1480 1495 1525 faci-

232 1559 322 1602 lius
361 1557 523 1602 omnia
561 1555 862 1618 cognoscunt.
912 1553 1126 1613 Ideoque
1163 1552 1221 1598 de
1255 1543 1491 1598 veteribus

232 1626 488 1676 architeffls
517 1629 740 1690 Pythius,
797 1628 882 1687 qui
904 1627 1093 1672 Prienae
1116 1625 1281 1670 aedem
1313 1626 1486 1670 Miner-

233 1718 318 1748 vae
347 1701 569 1746 nobiliter
604 1700 666 1745 est
702 1696 1046 1755 architecstatus,
1080 1698 1141 1743 ait
1169 1698 1217 1742 in
1243 1697 1332 1742 suis
1361 1713 1493 1742 com-

233 1772 468 1818 mentariis
492 1806 506 1828 ,
538 1768 843 1816 architefium
878 1771 1100 1816 omnibus
1134 1770 1308 1815 artibus
1338 1770 1379 1816 Sc
1410 1770 1495 1814 do-

231 1842 386 1892 &rinis
421 1846 526 1906 plus
553 1857 768 1906 oportere
790 1844 915 1904 posse
940 1843 1113 1899 facere,
1137 1860 1280 1903 qnam
1304 1845 1388 1903 qui
1407 1844 1494 1888 sm-

231 1921 359 1983 gulas
405 1935 473 1964 res
508 1919 596 1963 suis
641 1917 868 1963 industriis
916 1916 959 1962 8c
992 1916 1401 1962 exercitationibus
1432 1916 1492 1961 ad

232 1994 466 2039 summam
502 1992 752 2037 claritatem
787 1990 1126 2051 perduxerunt.
1162 1988 1218 2033 Id
1249 2000 1408 2034 autem
1440 2006 1491 2034 re

232 2079 333 2109 non
357 2063 620 2124 expeditur.
657 2063 767 2107 Non
793 2063 919 2106 enim
952 2061 1096 2106 debet
1133 2076 1219 2105 nec
1251 2061 1400 2120 potest
1427 2060 1492 2105 es-

232 2136 279 2182 se
308 2133 578 2182 architetPtus
596 2135 946 2198 grammaticus,
978 2135 1046 2179 uti
1073 2133 1162 2178 fuit
1185 2132 1486 2189 Aristarchus,

231 2208 311 2253 sed
338 2225 438 2254 non
470 2220 805 2271 agrammatos:
845 2224 931 2252 nec
963 2208 1193 2262 muficus,
1227 2218 1280 2250 ut
1319 2206 1492 2253 Aristo-

233 2295 382 2326 xenus
401 2315 415 2338 ,
444 2281 522 2326 sed
548 2297 646 2325 non
675 2279 881 2324 amusos:
917 2295 1004 2323 nec
1032 2275 1182 2338 picior
1202 2289 1254 2323 ut
1276 2279 1487 2337 Apelles,

234 2352 313 2397 sed
344 2354 593 2416 graphidos
613 2368 711 2398 non
733 2351 973 2411 imperitus
995 2370 1004 2394 t
1036 2366 1122 2396 nec
1149 2350 1307 2410 plastes
1332 2364 1491 2407 quem-

233 2425 498 2470 admodum
530 2425 701 2487 Myron
732 2424 808 2468 seu
839 2424 1105 2485 Polycletus
1125 2456 1138 2476 ,
1184 2421 1261 2465 sed
1300 2419 1486 2464 rationis

232 2497 441 2556 plasticae
468 2514 570 2554 non
600 2497 808 2561 ignarus:
857 2511 944 2541 nec
983 2497 1142 2548 denuo
1182 2493 1389 2541 medicus
1434 2503 1488 2537 ut
