1600 2902
235 209 839 264 DEARCHITECTURA
874 209 982 255 Lm.
1017 207 1124 256 vn.
1231 219 1322 269 197

57 325 281 388 principia
307 333 439 368 tenet
458 320 807 381 expolitionum
825 353 838 375 ‚
872 320 942 363 uti
962 315 1178 363 curiosius
1198 314 1323 360 sum·

56 413 226 456 maque
272 393 569 455 providentia
603 391 887 437 solidationis
930 391 1046 435 ratio
1083 389 1321 434 habeatur.

60 470 119 515 Et
161 468 188 512 si
220 469 362 527 plano
396 465 519 526 pede
565 465 651 508 erit
686 462 1033 517 ruderandum,
1075 470 1322 521 quaeratur

59 539 207 584 solum
237 538 267 582 fi
307 539 360 581 fit
391 547 622 596 perpetuo
662 534 866 578 solidum
885 568 898 589 ,
937 533 978 577 Sc
1002 534 1064 577 ita
1091 546 1324 590 exaeque⁴

57 622 135 656 tur
171 611 211 655 ἓξ
249 610 499 653 inducatur
535 623 644 652 cum
675 606 922 651 statumine
950 604 1107 650 rudus.
1169 603 1217 649 Si
1242 612 1325 647 aut

61 681 215 726 omnis
242 695 322 724 aut
348 697 406 725 ex
439 690 566 740 parte
597 679 892 741 congestitius
916 679 1042 723 locus
1072 676 1236 733 fuerit,
1270 676 1328 720 fi-

63 752 398 798 stucationibus
419 768 526 796 curn
551 767 718 812 magna
748 766 856 795 cura
875 749 1111 794 solidetur.
1137 750 1190 793 In
1215 763 1329 793 con-

64 825 402 889 tignationibus
443 840 553 869 vero
591 823 838 885 diligenter
863 822 924 866 est
966 821 1336 866 animadverten-

69 897 213 954 dum,
262 914 322 942 ne
357 897 459 956 quis
494 895 663 955 paries,
703 895 786 954 qui
824 904 957 939 exeat
987 894 1046 937 ad
1069 890 1338 948 summum,

68 969 121 1013 fit
156 965 409 1012 exssrufflus
442 967 524 1011 suh
565 965 918 1026 pavimentum,
960 964 1038 1009 sed
1076 965 1234 1024 potius
1266 980 1340 1009 re-

69 1042 246 1084 laxatus
273 1040 403 1099 supra
426 1038 469 1082 se
492 1039 781 1099 pendentem
807 1039 977 1084 habeat
1000 1036 1341 1082 coaxationem,

73 1112 198 1156 Cum
226 1112 352 1156 enim
389 1110 560 1155 solidus
602 1111 730 1167 exit,
784 1109 1214 1173 contignationibus
1249 1123 1345 1153 are·

75 1185 342 1239 scendbus,
384 1195 463 1228 aut
502 1184 790 1243 pandatione
830 1183 1113 1238 fidentibus,
1161 1196 1344 1241 perma-

76 1269 217 1301 nente
250 1252 496 1300 structurae
530 1256 787 1311 soliditate,
808 1255 969 1300 dextra
1001 1270 1053 1299 ac
1082 1254 1250 1299 finistra
1278 1254 1346 1299 se-

77 1328 291 1374 cundum
323 1327 367 1372 se
392 1327 497 1372 facit
530 1327 577 1372 in
603 1326 882 1388 pavimentis
917 1324 1160 1371 necessario
1195 1326 1348 1371 rimas.

78 1401 196 1445 Item
227 1400 380 1444 danda
413 1400 474 1444 est
516 1416 681 1460 opera,
726 1416 787 1444 ne
826 1399 1217 1444 commisceantur
1243 1414 1350 1443 axes

77 1472 292 1517 aesculini
312 1473 496 1531 quernis
515 1506 526 1527 ,
550 1471 684 1531 quod
711 1471 876 1530 quemi
895 1504 907 1525 ‚
930 1470 1063 1514 sun-ul
1095 1470 1347 1515 humorem

77 1554 388 1605 perceperunt
408 1576 422 1598 ,
469 1543 511 1587 se
540 1555 813 1602 torquentes
837 1543 971 1587 rimas
999 1542 1174 1588 faciunt
1202 1544 1250 1587 in
1273 1558 1355 1602 pa·-

80 1614 310 1659 vimentis.
345 1613 426 1658 Sin
457 1625 614 1658 autem
637 1614 841 1659 aesculus
870 1629 966 1658 non
992 1615 1098 1669 eri-t,
1126 1614 1167 1659 8c
1196 1617 1355 1662 neces-

83 1688 181 1732 sitas
218 1686 418 1748 coegerit
464 1697 656 1745 propter
694 1684 904 1745 inopiam
938 1685 1007 1731 uti
1037 1688 1255 1745 quernis,
1294 1690 1357 1735 sic

83 1761 271 1805 videtur
304 1758 388 1804 esse
421 1758 696 1805 faciundum
716 1793 729 1815 ,
759 1771 812 1805 ut
844 1760 1058 1805 secentur
1094 1763 1350 1807 tenuiores:

86 1850 183 1892 quo
214 1834 368 1877 minus
403 1833 531 1878 enim
560 1834 810 1889 valuerint,
847 1851 904 1879 eo
934 1834 1108 1879 facilius
1137 1836 1254 1880 clavi
1275 1837 1356 1881 fixi

86 1905 470 1951 continebuntur.
530 1904 715 1949 Deinde
747 1907 793 1950 in
824 1906 1008 1968 singulis
1036 1907 1172 1969 tignis
1208 1917 1359 1952 extre·

90 1979 174 2023 mis
206 1978 416 2038 partibus
453 1978 545 2022 axis
574 1979 674 2023 bini
701 1980 816 2023 clavi
852 1980 1082 2042 figantur,
1128 1981 1195 2024 uti
1228 1983 1358 2026 nulla

92 2067 150 2096 ex
185 2063 314 2110 parte
351 2053 520 2111 pollint
555 2051 598 2096 se
632 2053 910 2113 torquendo·
946 2053 1103 2115 anguli
1146 2055 1358 2099 excitare.

95 2122 314 2180 Namque
352 2124 409 2166 cle
431 2139 559 2168 cerro
579 2157 591 2178 ,
626 2134 703 2169 aut
730 2124 860 2186 sugo,
896 2124 977 2168 seu
1006 2124 1167 2181 farno,
1203 2128 1361 2171 nullus

92 2195 150 2239 ad
184 2197 452 2240 vetustatem
484 2198 632 2256 potest
664 2213 949 2257 permanere.
994 2197 1361 2243 Coaxationibus

94 2266 239 2319 suciis),
258 2267 286 2310 sl
312 2267 422 2321 erit,
446 2268 576 2323 sile-x,
599 2269 628 2312 sl
652 2284 748 2312 non
766 2303 778 2323 ‚
797 2270 929 2327 palea
948 2268 1275 2324 substernatur,
1291 2269 1363 2313 uti·

83 2339 309 2383 *materies
338 2340 394 2383 al)
427 2342 556 2385 calcis
583 2342 701 2385 vitiis
734 2338 1030 2386 defendatur.
1069 2342 1209 2386 Tunc
1241 2342 1364 2389 insin·

92 2426 176 2470 per
202 2411 526 2456 statuminetur
541 2429 599 2456 ue
619 2413 799 2458 minore
817 2413 938 2469 saxo,
953 2429 1094 2472 (piam
1113 2414 1251 2471 quod'
1268 2415 1364 2474 pof-

96 2483 148 2527 fit
177 2499 370 2529 manum
399 2485 605 2544 implere.
652 2484 1129 2532 Statuminationibus
1162 2486 1361 2533 induciis

97 2556 357 2603 ruder-etur.
411 2558 577 2604 Rudus
604 2558 634 2603 s1
664 2574 844 2607 novum
871 2560 981 2616 crit,
1014 2561 1071 2604 aid
1103 2572 1188 2608 tres
1213 2576 1365 2625 partes

1005 2625 1109 2688 N3
