1600 2902
284 192 360 247 338
589 190 1231 238 ARcmTEc’rURAE

276 292 474 344 diathefim,
504 289 754 329 venustatem
783 291 822 330 δι
849 291 1036 331 decorem
1066 295 1321 344 eurythmiam,
1364 296 1551 338 moduio-

277 367 365 393 rum
380 351 582 392 mensuras
598 351 831 403 symmetriam
850 382 863 399 ,
891 352 1212 394 distributionem
1237 360 1461 398 oeconomiam
1479 373 1550 413 ap-

275 417 542 469 pellaverunt.
570 414 783 455 Ordinatio
810 415 863 455 est
897 427 993 467 ergo
1018 418 1286 458 membrorum
1312 421 1516 475 dispositio
1533 453 1548 472 ,

273 479 318 518 δι
344 477 496 518 constat
524 491 572 518 ex
590 477 812 531 quantitate
833 509 844 526 ‚
876 490 993 531 quam
1021 477 1167 518 Graeci
1195 479 1365 532 posotita
1383 496 1545 524 vocant.

273 538 495 593 Quantitas
529 539 584 579 est
617 539 760 578 modus
795 539 1034 591 fingulomm
1062 540 1330 581 membrorum
1355 545 1544 584 universo

271 602 516 654 respondens
543 601 667 655 operi.
699 600 923 653 Dispositio
952 601 1008 641 est
1034 613 1125 655 apta
1151 603 1269 643 rebus
1295 605 1544 647 conclavium

270 665 491 714 institutio,
515 666 557 706 &
581 666 712 720 operis
742 664 866 705 futuri
897 665 1047 715 forma,
1080 667 1205 707 tribus
1236 668 1370 722 figuris
1396 671 1544 722 divisa,

267 740 373 782 quae
403 742 425 769 a
446 728 612 770 Graecis
642 729 729 768 idea
755 728 986 781 appellatur.
1017 730 1104 769 Hae
1136 729 1225 770 sunt
1249 743 1344 784 ergo
1376 744 1457 773 tres
1490 735 1543 774 fi-

267 802 392 843 gurae
406 820 418 838 ‚
441 789 755 844 Ichnographia‚
774 789 1080 844 Orthographia
1097 822 1109 840 ‚
1128 790 1432 846 Scenographia.
1449 794 1542 834 Ich-

265 853 484 907 nographia
504 854 559 893 est
584 865 701 893 areae
718 885 728 900 ‚
753 853 812 891 vel
836 851 931 900 soli,
959 854 1000 893 δι
1022 853 1373 896 fundamentorum
1394 855 1542 898 descri-

266 919 367 971 ptio.
411 917 713 970 Orthographia
749 917 806 955 est
840 916 1039 966 laterum,
1076 918 1117 957 &
1143 918 1363 959 altitudinis
1388 921 1542 961 exstru-

263 978 355 1019 &io
403 979 699 1032 Scenographia
723 978 779 1018 est
804 975 972 1028 frontis,
1005 979 1048 1020 δι
1073 980 1201 1020 totius
1224 982 1359 1035 operis
1382 995 1454 1037 per
1479 984 1541 1038 pi-

262 1039 412 1082 &uram
436 1041 620 1082 ostensio.

854 1127 872 1168 I
902 1127 935 1168 1.

794 1210 852 1247 De
880 1208 1006 1248 ventis.

313 1286 465 1326 Ferunt
489 1286 647 1340 quidam
673 1286 1003 1341 philosophorum
1023 1317 1034 1334 ,
1063 1285 1365 1328 Eratosthenem
1391 1289 1537 1329 mathe-

256 1350 408 1388 maticis
438 1349 662 1388 rationibus
691 1349 731 1388 ὅ(
757 1348 1012 1401 geometricis
1029 1347 1229 1387 methodis
1252 1348 1533 1401 aequinoffiali

256 1421 439 1464 tempore
466 1423 537 1464 per
566 1411 828 1464 gnomonicas
846 1411 1002 1450 umbras
1025 1411 1136 1451 orbis
1162 1424 1293 1452 terrae
1315 1413 1437 1466 spatia
1456 1411 1531 1452 effe

253 1476 465 1522 metitum3
500 1475 538 1512 &
570 1473 623 1513 sic
649 1486 782 1514 certos
803 1484 1021 1513 ventorum
1042 1471 1213 1514 didicisse
1242 1473 1369 1514 flatus.
1403 1474 1533 1514 Tene-

253 1547 297 1575 re
329 1547 426 1588 ergo
455 1536 652 1575 orientem
694 1533 1049 1588 aequinoctialem.
1259 1536 1530 1576 Favonium..

252 1626 391 1637 ......
422 1597 769 1649 Septemtrionem.
807 1597 917 1636 Inter
937 1609 1096 1637 ceteros
1125 1609 1259 1637 tamen
1289 1598 1530 1651 Androgeus

250 1657 497 1709 Cyrenensis
517 1671 606 1697 cum
631 1657 746 1698 VIII.
776 1658 909 1696 ventis
932 1657 1068 1697 orbem
1097 1669 1226 1698 terrae
1254 1659 1335 1711 regi
1361 1659 1529 1698 adseve-

249 1718 390 1766 miset,
424 1719 593 1771 exempli
616 1717 733 1758 causa
755 1718 924 1757 Athenis
949 1720 1089 1758 turrim
1119 1732 1381 1759 marmoream
1411 1719 1530 1760 osto-

247 1792 393 1832 goriam
438 1778 605 1822 instituit
623 1810 634 1828 ‚
678 1781 717 1818 in
754 1791 830 1831 qua
873 1780 1063 1832 imagines
1098 1792 1314 1821 ventorum
1354 1781 1528 1835 sculptas

247 1854 391 1882 contra
419 1842 511 1882 suos
541 1843 740 1895 cuiusque
762 1843 880 1882 flatus
910 1843 1136 1890 ordinavit;
1180 1843 1376 1897 supraque
1402 1845 1525 1898 ipsam

245 1907 386 1944 turrim
411 1915 554 1943 metam
582 1916 844 1944 marmoream
867 1903 1021 1956 posuit,
1047 1904 1089 1943 δι
1117 1903 1329 1943 Tritonem
1355 1917 1525 1945 aeneum

242 1966 462 2005 collocavit
477 1996 490 2013 ‚
524 1965 564 2004 δι
594 1966 649 2004 ita
671 1964 726 2004 est
746 1964 973 2005 modulatus
988 1994 1000 2012 ,
1026 1974 1072 2003 ut
1089 1975 1182 2003 cum
1211 1976 1356 2004 ventus
1383 1964 1524 2018 aliquis

242 2025 469 2080 adspiraffet
492 2027 664 2078 quodam
684 2038 892 2064 momento
914 2026 953 2063 in
974 2037 1078 2077 gyro
1104 2037 1317 2078 ageretur,
1348 2026 1389 2065 &
1406 2023 1522 2080 supra

242 2100 362 2139 caput
380 2089 465 2127 eius
494 2086 712 2135 resisteret3
752 2088 792 2126 &
809 2117 820 2135 ,
847 2088 1010 2125 dextera
1035 2099 1154 2126 manu
1184 2087 1336 2139 virgam
1355 2098 1520 2140 tenens,

239 2149 366 2202 ipsum
395 2147 471 2188 effe
499 2148 657 2188 flantem
687 2148 935 2188 monstraret.
967 2147 1109 2201 Itaque
1132 2146 1209 2187 effe
1240 2150 1344 2188 inter
1374 2148 1518 2189 Subso-

238 2213 372 2253 lanum
398 2213 438 2252 δι
467 2211 656 2251 Austrum
683 2212 730 2250 ad
757 2212 953 2250 orientem
979 2210 1210 2258 hibernum,
1243 2210 1421 2260 Eurum;
1453 2212 1518 2251 in-

237 2286 300 2313 ter
340 2274 529 2314 Austrum
569 2274 610 2313 &
648 2274 873 2313 Favonium
904 2273 953 2312 ad
990 2273 1243 2312 occidentem
1274 2273 1512 2319 hibernum,

235 2335 449 2383 Africum3
471 2337 574 2376 inter
597 2335 818 2375 Favonium
841 2335 881 2375 &
902 2335 1237 2388 Septemtrionem
1253 2366 1266 2384 ,
1286 2335 1488 2375 Chaurum
1502 2365 1515 2383 ‚

234 2412 354 2451 quem
385 2399 545 2451 quidam
564 2398 746 2439 Corvum
774 2409 954 2446 vocant;
985 2398 1089 2438 inter
1114 2397 1450 2450 Septemtrionem
1473 2397 1513 2438 δι

234 2460 495 2502 Subsolanum
509 2492 523 2511 ‚
546 2462 804 2515 Aquilonem.
850 2461 943 2503 Hoc
968 2461 1093 2502 modo
1122 2460 1164 2504 δι
1183 2461 1346 2501 nomina
1365 2459 1406 2501 δι
1423 2471 1516 2514 par·
