1600 2902
270 172 352 221 DE
384 171 878 222 ARCHITECTURA
913 175 1022 223 LIB.
1058 175 1120 223 X.
1233 191 1325 243 305

70 280 153 329 fia.
193 282 277 328 His
305 283 368 328 ita
406 283 654 330 emendate
696 285 955 346 descriptis,
997 286 1196 332 sumitur
1227 285 1329 332 fali-

70 372 187 419 gnea
214 357 391 412 tenuis,
427 369 508 402 aut
547 357 606 402 de
650 359 786 404 vitice
830 356 944 405 seEta
983 362 1166 423 regula,
1206 377 1330 421 quae

69 424 208 474 uncia
231 429 410 489 liquida
430 431 533 490 pice
558 430 714 493 figitur
741 432 788 476 in
816 433 970 493 primo
1000 434 1190 478 decuffis
1213 450 1330 494 pun-

68 499 167 547 ἃοε
217 503 389 549 deinde
431 504 652 549 traiicitur
694 505 891 565 oblique
934 507 992 551 ad
1032 506 1330 566 insequentes

68 576 387 638 longitudines
423 575 463 620 86
486 576 781 622 circuitiones
807 578 1076 624 decuffium.
1115 578 1174 622 Et
1191 578 1253 622 ita
1271 591 1331 622 ex

67 648 236 693 ordine
270 649 594 711 progredien5‚
629 649 802 711 singula
828 648 1006 711 puncta
1027 660 1331 711 praetereun-

69 721 136 766 do
166 721 206 767 86
234 722 732 777 circuminvolvendo‚
766 725 1023 769 collocatur
1056 724 1104 768 in
1142 722 1332 785 singulis

69 791 481 838 decussationibus:
522 793 562 837 86
583 793 644 838 ita
665 794 877 854 pervenit
900 795 941 840 86
967 796 1123 856 figitur
1140 796 1199 838 ad
1225 809 1331 840 eam

68 865 266 921 lineam,
294 866 510 912 recedens
530 883 554 910 a
578 866 732 926 primo
757 867 805 910 in
829 863 1043 911 octavum
1065 863 1330 926 punfflum,

68 937 119 982 in
154 954 247 997 qua
267 938 416 998 prima
443 955 541 998 pars
569 940 664 983 eius
697 939 759 983 est
787 939 892 983 fixa.
922 939 990 983 Eo
1014 938 1160 983 modo
1182 953 1331 998 quan-

66 1019 170 1055 tum
197 1010 493 1074 progreditur
513 1010 709 1071 oblique
730 1022 814 1072 per
830 1011 1029 1071 spatium
1053 1012 1094 1056 86
1115 1026 1200 1070 per
1221 1007 1330 1056 0810

66 1078 268 1141 punCta,
302 1082 586 1128 tantundem
617 1082 666 1126 in
692 1083 992 1144 longitudine
1023 1081 1238 1142 procedit
1269 1080 1330 1126 ad

68 1150 287 1198 ogiavum
333 1152 579 1214 punctum.
625 1154 800 1199 Eadem
839 1155 1018 1199 ratione
1065 1171 1148 1214 per
1187 1170 1332 1199 omne

67 1224 269 1285 spatium
299 1227 608 1289 longitudinis
632 1227 673 1272 86
707 1227 1007 1271 rotunditatis
1037 1226 1222 1289 fingulis
1247 1225 1333 1270 de-

67 1297 399 1343 cuffationibus
447 1299 644 1359 oblique
687 1298 804 1343 fixae
845 1300 1056 1361 regulae,
1099 1315 1180 1358 per
1223 1296 1332 1342 ocsto

68 1369 371 1414 crassitudinis
395 1370 636 1416 divisiones
660 1370 899 1414 involutos
923 1370 1099 1414 faciunt
1125 1370 1331 1425 canales,

69 1441 112 1486 86
142 1442 304 1487 iustam
342 1443 558 1488 cochleae
598 1444 956 1501 naturalemque
1004 1441 1331 1485 imitationem.

67 1512 136 1557 Ita
167 1514 316 1573 perid
354 1514 597 1576 vestigium
643 1515 756 1557 aliae
796 1514 932 1573 super
972 1512 1077 1556 alias
1122 1512 1333 1574 figuntur

69 1583 236 1631 unciae
266 1587 369 1646 pice
405 1586 613 1645 liquida,
649 1585 689 1630 8c
725 1596 1056 1648 exaggerantur
1079 1586 1137 1630 ad
1172 1585 1246 1640 id,
1279 1596 1335 1632 ut

68 1659 378 1721 longitudinis
413 1655 573 1703 octava
607 1674 708 1718 pars
740 1659 820 1702 fiat
853 1658 1034 1702 summa
1073 1658 1334 1703 crassitudo.

69 1728 219 1789 Supra
264 1746 334 1774 eas
379 1729 734 1774 circumdantur
781 1730 821 1773 86
865 1729 1076 1790 figuntur
1118 1731 1336 1788 tabulae,

69 1817 192 1860 quae
223 1812 466 1864 pertegant
487 1818 585 1845 eam
614 1801 963 1846 involutionem
987 1819 995 1842 ε
1023 1812 1136 1846 tunc
1167 1819 1247 1846 eae
1267 1813 1335 1846 ta·-

68 1873 207 1917 bulae
236 1873 339 1933 pice
381 1873 671 1927 saturantur,
720 1872 761 1917 86
805 1872 986 1915 laminis
1017 1871 1169 1916 ferreis
1203 1873 1338 1916 colli-

68 1958 267 2009 gantur,
296 1956 350 1990 ut
383 1946 442 1990 ab
480 1963 628 2005 aquae
653 1945 698 1989 vi
735 1962 793 1990 ne
828 1946 1139 1990 dissolvantur.
1175 1947 1338 2006 Capita

68 2017 187 2079 tigni
220 2017 370 2062 ferreis
399 2018 536 2062 clavis
556 2018 597 2062 86
621 2018 802 2061 laminis
836 2018 1164 2072 continentur,
1189 2018 1338 2077 iisque

69 2089 330 2153 infiguntur
372 2089 457 2133 stili
496 2090 640 2134 ferrei.
701 2091 875 2135 Dextra
917 2103 1074 2134 autem
1103 2091 1143 2134 86
1171 2091 1338 2136 sinistra

71 2163 307 2206 cochleam
345 2163 471 2224 tigna
509 2164 826 2219 collocantur,
868 2165 915 2207 in
950 2163 1180 2223 capitibus
1213 2178 1339 2208 utra-

70 2251 166 2294 que
203 2245 331 2295 parte
365 2235 580 2280 habenti-„1
610 2235 923 2281 transversaria
956 2237 1154 2281 confixa.
1194 2239 1248 2281 In
1271 2238 1339 2282 his

70 2308 296 2353 foramina
332 2307 473 2352 ferrea
499 2308 821 2364 suntinclusa,
853 2310 999 2368 inque
1020 2328 1069 2354 ea
1106 2310 1340 2354 inducun-
1374 2308 1377 2312 ’

70 2390 148 2425 tur
182 2381 298 2433 stili,
338 2382 378 2426 86
422 2383 482 2425 ita
526 2382 713 2426 cochlea
747 2382 1018 2426 hominibus
1056 2383 1338 2428 calcantibus

70 2451 181 2497 facit
212 2453 499 2497 versationes.
553 2452 729 2499 Metuo
754 2466 913 2499 autem
935 2456 1030 2499 eius
1060 2454 1117 2498 ad
1151 2455 1339 2501 inclina-

206 2518 436 2563 Vitruvius.
1043 2518 1086 2564 V
