1600 2902
241 199 322 245 DE
354 197 847 244 ARCHITECTURA
882 196 990 242 LIB.
1025 196 1153 244 VIII.
1232 210 1324 258 249

70 308 154 368 qui
182 306 387 361 ducent,
431 307 498 350 his
533 307 792 351 rationibus
823 306 1062 350 bellissime
1099 314 1328 365 poterunt

71 382 243 425 efficere
272 381 312 425 Sc
341 379 555 425 decursus
575 415 586 434 ,
610 381 650 424 &t
678 375 1099 425 circumdueshones
1115 412 1127 432 ,
1152 377 1191 421 Sc
1215 391 1330 420 ven-

70 464 184 507 tres,
213 452 254 498 8c
287 451 530 511 expressus.
574 453 695 496 Item
728 452 812 495 hac
842 452 1020 496 ratione
1049 466 1159 495 cum
1185 447 1330 491 habe-

69 524 191 568 bunt
219 541 243 567 a
277 524 503 583 capitibus
538 523 596 568 ad
626 524 813 567 moenia
843 522 1001 585 fastigii
1034 522 1328 573 libramenta,

65 595 186 640 -inter
218 595 342 642 adius
369 597 596 641 ducentos
624 611 722 640 non
755 597 816 640 est
844 597 1009 640 inutile
1040 595 1217 641 castella
1236 592 1332 637 col-

68 667 237 721 locari,
278 679 329 711 ut
358 669 386 711 fi
417 667 611 726 quando
641 666 811 711 vitium
850 667 1016 726 aliquis
1045 668 1175 711 locus
1207 664 1330 708 fece-

69 738 162 793 rit,
209 755 307 783 non
353 749 510 784 totum
547 753 787 797 omneque
822 755 951 797 opus·
980 736 1333 790 contundatur,

71 810 112 853 Ec
142 810 190 854 in
217 811 390 870 quibus
417 811 527 856 locis
556 811 607 855 fit
631 807 802 855 facium
832 810 1006 856 facilius
1037 809 1330 854 inveniatur:

70 880 151 926 sed
179 899 228 926 ea
259 883 433 927 castella
465 899 623 941 neque
650 883 699 926 in
720 881 913 926 decursu
931 915 946 937 ,
974 897 1132 940 neque
1153 881 1200 924 in
1223 894 1336 923 ven-

69 953 148 998 tris
186 955 377 1013 planitie
401 989 413 1009 ,
452 970 611 1013 neque
644 954 692 998 in
725 953 1087 1013 expressionibus
1111 985 1124 1007 ,
1174 965 1335 1009 neque

72 1026 268 1069 omnino
301 1027 348 1069 in
384 1026 612 1082 vallibus,
647 1026 724 1071 sed
762 1027 810 1070 in
843 1037 1073 1085 perpetua
1114 1024 1228 1067 fiant
1265 1037 1338 1066 ae-

71 1098 309 1156 qualitate.
362 1097 443 1142 Sin
482 1111 640 1143 autem
683 1100 865 1144 minore
899 1100 1091 1158 sumptu
1131 1095 1339 1141 volueri-

72 1185 178 1218 mus
202 1188 371 1230 aquam
400 1172 599 1228 ducere,
627 1174 685 1217 fic
715 1175 800 1218 erit
827 1172 1119 1218 faciundum.
1152 1169 1338 1214 Tubuli

73 1242 212 1288 crass'o
253 1244 377 1289 corio
414 1260 475 1289 ne
509 1246 664 1290 minus
694 1245 949 1307 digitorum
981 1245 1190 1289 duorum
1223 1243 1339 1287 fiant

72 1333 131 1362 ex
159 1319 297 1375 testa,
316 1319 393 1364 sed
427 1320 516 1374 ita,
536 1332 589 1364 ut
620 1320 667 1364 hi
700 1319 856 1364 tubuli
888 1334 946 1363 ex
976 1334 1067 1363 una
1097 1328 1228 1376 parte
1252 1317 1340 1361 fint

73 1391 316 1452 lingulati,
357 1404 410 1437 ut
434 1394 547 1437 alius
578 1392 625 1436 in
654 1392 796 1436 alium
832 1390 948 1435 inire
986 1389 1341 1449 convenireque

75 1465 260 1523 possint.
318 1465 445 1509 Tum
487 1476 762 1526 coagmenta
795 1479 959 1508 eorum
992 1464 1115 1506 calce
1144 1462 1249 1507 viva
1282 1478 1342 1507 ex

76 1539 183 1583 oleo
218 1535 400 1583 sabasta
434 1538 543 1582 sunt
572 1537 825 1592 illinenda,
863 1536 903 1581 8c
934 1536 982 1579 in
1014 1535 1343 1580 declinationi-

77 1611 165 1656 bus
198 1611 461 1656 libramenti
492 1611 691 1666 ventris,
724 1610 835 1670 lapis
871 1610 931 1654 est
964 1624 1022 1653 ex
1057 1608 1163 1653 saxo
1198 1608 1342 1653 rubro

77 1685 126 1728 in
159 1685 258 1744 ipso
291 1685 507 1746 geniculo
540 1684 869 1738 collocandus,
897 1683 1028 1741 isque
1060 1681 1346 1741 perterebra-

77 1768 180 1812 tus,
217 1758 284 1801 uti
321 1774 379 1802 ex
409 1758 605 1803 decursu
634 1757 832 1802 tubulus
855 1754 1122 1799 novillimus
1152 1755 1199 1798 in
1229 1754 1347 1813 lapi-

79 1832 139 1876 de
165 1844 537 1894 coagmentetur,
568 1832 607 1876 &
626 1831 800 1891 primus
824 1830 1029 1874 fimiliter
1056 1829 1209 1873 librati
1232 1845 1348 1873 ven-

77 1907 155 1950 tris
179 1925 187 1950 ;
227 1906 286 1950 ad
316 1905 524 1950 eundem
553 1905 753 1949 modurn
790 1904 838 1948 in
866 1904 1111 1947 adversum
1140 1903 1347 1957 clivum,

78 1980 347 2024 novissimus
376 1979 526 2024 librati
554 1979 724 2023 ventris
755 1979 802 2022 in
828 1994 940 2023 cavo
969 1977 1059 2020 saxi
1088 1975 1214 2019 rubri
1243 1976 1349 2017 hae-

81 2064 203 2108 reat,
229 2051 268 2096 86
295 2053 472 2112 primus
503 2052 796 2111 expressionis
827 2052 885 2095 ad
911 2051 1116 2095 eundem
1146 2048 1348 2092 modurn

81 2135 454 2185 coagmentetur.
498 2125 562 2168 Ita
594 2125 752 2169 librata
781 2123 970 2185 planitia
991 2122 1273 2166 tubulorum
1298 2137 1350 2165 ac

84 2196 300 2240 decursus
332 2195 714 2255 &expressionis,
755 2211 852 2239 non
895 2194 1156 2239 extolletur.
1208 2192 1353 2235 Namss

85 2287 180 2329 que
216 2271 461 2315 vehemens
501 2270 682 2330 spiritus
724 2270 770 2313 in
807 2285 953 2328 aquae
980 2264 1200 2311 cludimus
1237 2268 1352 2309 inlet

85 2342 202 2387 nasci
225 2377 236 2395 ,
260 2344 317 2386 ita
343 2355 393 2386 ut
420 2343 557 2387 etiam
587 2344 688 2387 saxa
716 2354 1014 2403 perrumpat,
1041 2342 1121 2384 nili
1142 2340 1352 2400 primum

83 2416 249 2461 leniter
271 2418 311 2461 Sc
344 2431 476 2474 parce
509 2431 532 2458 a
570 2416 719 2474 capite
748 2431 866 2474 aqua
904 2414 1209 2469 immittatur,
1236 2413 1276 2457 ἃ.
1303 2412 1351 2455 in

86 2491 307 2555 geniculis
350 2501 433 2535 aut
480 2488 673 2536 versuris
717 2488 1094 2552 alligationibus,
1124 2500 1204 2532 aut
1236 2501 1354 2547 pon-
