1600 2902
345 182 980 225 COMPENDIUM.
1224 197 1303 240 349

32 283 160 324 bicula
186 280 504 322 &bibliothecae
534 281 582 320 ad
611 280 806 320 orientem
827 278 999 333 spe&are
1019 272 1176 320 debehr.
1215 280 1295 321 Vi—

30 345 96 386 sus
121 344 223 383 enim
251 343 487 382 matutinum
514 340 681 393 postulat
715 340 863 378 lumen.
913 340 1014 378 Nam
1035 353 1297 394 quaecunque

29 408 119 447 loca
146 405 287 458 frigida
311 404 508 457 spe&ant,
538 404 704 442 humore
726 401 946 449 vitiantur;
974 405 1161 455 quoniam
1184 405 1297 445 venti

27 468 199 515 humidi,
232 467 421 521 spirantes
453 466 630 505 madidos
658 465 804 511 flatus,
846 464 979 502 omnia
1014 465 1164 518 pallore
1200 479 1297 506 cor-

27 541 230 584 rumpunt.
283 528 474 568 Triclinia
510 539 634 567 verna
663 527 704 566 &
744 525 988 566 autumnalia
1019 527 1067 565 ad
1096 527 1295 568 orientem

24 590 199 645 spectare
232 591 403 639 debent,
440 601 483 630 ut
512 589 686 642 gratiora
728 587 829 636 sint,
875 589 984 640 quod
1015 588 1074 628 his
1104 592 1160 629 uti
1199 589 1295 630 soli-

26 664 112 694 tum
138 653 204 693 est.
240 652 401 692 Aestiva
422 652 588 692 triclinia
609 652 655 689 ad
684 649 1003 705 septemtrionem
1028 651 1201 704 {peslare
1224 654 1297 692 de-

25 716 150 765 bent;
181 716 290 768 quod
325 728 370 756 ea
400 717 511 768 regio
547 726 703 768 praeter
732 726 885 753 ceteras
919 713 1097 767 frigidior
1131 716 1214 765 est,
1251 717 1296 757 δε

27 778 217 818 solstitiali
253 790 433 832 tempore
465 777 679 818 iucundam
712 775 887 816 sanitatis
920 776 1170 831 voluptatem
1206 789 1298 819 cor-

26 839 194 892 poribus
221 839 402 893 praestat.

606 923 643 964 X
669 923 724 966 V.

399 1002 459 1041 De
490 1001 651 1054 menfizris
682 1001 927 1053 aedificiorum.

79 1078 367 1120 Tricliniorum
398 1081 440 1120 ὃ(
471 1080 722 1120 conclavium
747 1090 895 1132 quanta
931 1079 1102 1120 latitudo
1136 1080 1177 1121 δε
1205 1080 1303 1127 1οη-,

25 1142 167 1196 gitudo
189 1142 309 1183 fuerit
331 1144 371 1181 in
394 1155 476 1183 uno
507 1154 736 1196 computata
756 1140 961 1189 mensura,
996 1154 1045 1180 ex
1069 1154 1116 1181 ea
1143 1142 1296 1182 medie-

26 1214 87 1243 tas
105 1204 300 1244 altitudini
325 1205 537 1245 tribuatur.
568 1204 606 1243 Si
631 1216 765 1244 autem
798 1205 967 1243 exedrae
993 1215 1061 1243 aut
1087 1205 1175 1243 oeci
1195 1217 1297 1257 qua-

26 1265 129 1306 drati
149 1266 318 1314 fuerint,
345 1267 474 1306 media
497 1280 586 1320 pars
611 1265 814 1306 mensurae
835 1267 875 1306 in
901 1267 1150 1307 altitudinem
1179 1267 1300 1307 strua-

26 1339 105 1368 tur.
135 1329 424 1369 pinacothecae
447 1330 487 1370 &
515 1330 802 1383 plumariorum
829 1330 1013 1369 officinae
1038 1331 1076 1368 in
1106 1342 1218 1384 parte
1242 1330 1298 1370 se-

25 1390 294 1443 ptemtrionali
327 1390 416 1430 sunt
445 1392 766 1440 constituendae,
806 1403 851 1432 ut
881 1392 1038 1432 colores
1069 1392 1110 1431 δε
1144 1405 1300 1445 purpu-

27 1463 96 1491 rae
122 1452 201 1492 fine
229 1454 334 1493 vitio
371 1451 642 1494 reserventur.
690 1453 755 1494 De
786 1454 993 1508 vaporatis
1020 1455 1125 1494 enim
1159 1455 1300 1507 regio·-

26 1514 144 1555 nibus
173 1515 425 1569 corruptelae
455 1514 683 1556 nascuntur.

571 1601 607 1640 X
637 1601 672 1639 V
702 1599 737 1641 I.

427 1679 487 1719 De
504 1679 646 1731 flzbrica
674 1680 885 1719 balnearum.

95 1758 254 1799 Balneis
292 1759 407 1799 locus
443 1759 647 1811 eligendus
678 1758 734 1797 est
772 1769 912 1798 contra
944 1757 1125 1798 occasum
1159 1759 1300 1800 hiber-

28 1834 147 1870 num,
185 1835 255 1863 aut
282 1835 431 1875 partem
469 1822 750 1870 meridianam,
785 1834 830 1861 ut
862 1821 944 1861 sole
975 1822 1194 1861 decedente
1222 1836 1299 1862 va-

25 1897 195 1942 poretur
212 1899 339 1939 usque
362 1888 409 1925 ad
435 1886 668 1938 vesperum,
697 1885 805 1938 quod
832 1896 990 1937 tempus
1009 1885 1056 1924 ad
1083 1886 1297 1926 lavandum

27 1948 220 1989 tributum
249 1950 318 1989 est.
366 1947 635 2003 Suspensurae
666 1948 878 1988 calidarum
910 1947 1093 1987 cellarum
1130 1948 1183 1987 ita
1211 1947 1302 1988 sunt

25 2009 259 2056 faciendae,
292 2022 336 2050 ut
357 2010 523 2063 primum
557 2023 649 2049 area
676 2009 1012 2063 sesquipedalibus
1032 2010 1175 2061 tegulis
1201 2022 1299 2049 con-

26 2071 221 2112 sternatur
245 2073 429 2112 inclinata
461 2073 506 2111 ad
539 2071 763 2119 fornacem,
802 2083 846 2111 ut
872 2071 949 2124 pila
981 2071 1084 2111 miss'u
1103 2073 1210 2111 intro
1234 2083 1299 2111 re-

26 2131 155 2171 sistere
182 2145 260 2171 non
284 2132 420 2184 poffit,
456 2131 519 2170 sed
546 2133 679 2172 redeat
708 2132 754 2170 ad
785 2130 1069 2184 praefurnium.
1125 2131 1299 2170 Flamma

29 2196 131 2234 enim
161 2195 303 2234 sursum
328 2193 526 2248 assurgens
551 2195 761 2235 calidiores
788 2195 905 2233 efficit
928 2194 1070 2233 cellas:
1101 2194 1298 2247 supraque

28 2259 230 2299 laterculis
263 2257 470 2298 beffalibus
502 2260 542 2299 δι
576 2259 756 2298 rotundis
787 2259 886 2309 pilae
916 2256 1219 2296 interstruantur
1247 2268 1299 2296 ex

27 2322 172 2373 capillo
209 2323 247 2360 &
274 2320 406 2373 argilla
443 2320 619 2361 subaua:
648 2322 687 2360 in
720 2321 878 2373 privato
911 2319 1076 2371 pedibus
1103 2319 1203 2358 binis
1233 2319 1297 2358 se-

27 2386 124 2432 mis,
152 2386 189 2423 in
224 2384 383 2438 publico
411 2387 545 2424 ternis.
589 2385 769 2437 Tegulae
802 2383 1001 2436 bipedales
1034 2382 1301 2435 superconsti-

26 2457 216 2495 tuantur,
259 2458 361 2500 quae
395 2447 667 2500 pavimentum
703 2447 883 2499 dirigant.
937 2444 1166 2485 Plumbeum
1196 2456 1300 2492 vas,
