1600 2902
261 195 357 244 '224
503 181 572 229 M.
610 179 764 226 VITR
772 179 906 225 UVII
944 176 1282 225 POLLIONIS

261 290 378 335 nitas
405 287 508 331 usui
535 285 806 346 praebendo
840 284 1143 341 necessitates,
1177 296 1319 347 gratas
1350 280 1513 344 (quod

261 362 324 407 est
350 359 570 423 gratuita)
595 358 786 419 praestat
814 358 1043 402 utilitates.
1085 358 1152 403 Ex
1181 376 1236 403 eo
1268 359 1404 403 etiam
1431 355 1514 416 qui

259 434 511 480 sacerdotia
539 442 707 495 gerunt
739 431 947 476 moribus
974 429 1315 492 Aegyptiorum
1334 465 1346 486 ‚
1371 431 1519 473 osten-

261 509 385 554 dunt
426 523 590 553 omnes
617 523 685 551 res
719 523 743 550 e
775 506 963 565 liquoris
995 505 1216 564 potestate
1247 505 1513 551 consistere:

258 581 418 639 itaque
448 596 555 623 cum
584 577 794 638 hydriam
828 588 988 638 tegunt
1008 609 1020 630 ‚
1055 591 1174 634 quae
1205 576 1262 619 ad
1281 580 1515 636 templum

261 654 523 712 aedemque
557 651 669 696 casta
694 650 914 711 religione
942 650 1162 704 refertur,
1191 661 1303 694 tunc
1326 651 1372 693 in
1401 662 1517 695 terra

259 724 655 786 proetimbente5‚
707 721 920 765 manibus
959 721 1016 765 ad
1064 722 1248 765 coelum
1296 722 1518 777 sublatis,

263 798 324 841 de
354 797 625 841 inventi-one
664 795 759 840 eius
805 795 967 857 gratias
1000 805 1145 855 agunt
1175 793 1357 837 divinae
1387 793 1518 837 beni-

262 869 438 931 guitati.

675 962 1011 1007 CAPUT
1075 963 1110 1008 Ι.

603 1046 670 1091 De
707 1064 836 1108 aquae
869 1048 1186 1092 inventionibus.

332 1140 457 1186 Cum
492 1158 599 1203 ergo
630 1142 669 1186 ἃ
695 1160 718 1186 a
747 1143 940 1203 phyficis
969 1143 1010 1189 Sc
1034 1160 1057 1186 a
1088 1143 1372 1203 philosophis
1397 1144 1437 1189 8c
1462 1145 1521 1189 ab

263 1213 576 1259 sacerdotibus
608 1214 842 1258 iudicetur
869 1231 928 1258 ex
947 1215 1170 1274 potestate
1193 1232 1338 1274 aquae
1362 1226 1523 1260 ornnes
1545 1255 1549 1258 .

263 1303 332 1330 res
361 1286 588 1339 constare,
620 1287 805 1344 putavi,
851 1285 1076 1344 quoniam
1112 1286 1157 1328 in
1192 1285 1424 1344 prioribus
1458 1288 1524 1332 se·-

262 1371 396 1419 ptem
422 1358 743 1402 voluminibus
766 1358 961 1402 rationes
987 1359 1303 1404 aedificiorum
1323 1361 1427 1407 sunt
1452 1380 1525 1407 ex·

263 1430 448 1489 positae,
477 1430 523 1473 in
546 1431 634 1473 hoc
664 1441 881 1488 oportere
903 1430 960 1473 de
988 1429 1337 1474 inventionibus
1356 1447 1522 1490 aquae,

263 1517 473 1560 quasque
507 1501 672 1546 habeat
705 1503 751 1545 in
783 1503 1000 1546 locorum
1040 1503 1400 1562 proprietatibus
1432 1504 1524 1548 vir-

262 1582 411 1626 tutes,
445 1573 715 1631 quibusque
744 1573 1002 1617 rationibus
1030 1572 1247 1628 ducatur,
1283 1572 1323 1617 8c
1356 1590 1523 1633 quem-

263 1644 527 1689 admodum
556 1644 669 1687 item
699 1661 746 1688 ea
791 1646 1040 1704 probetur,
1062 1645 1266 1690 scribere.
1303 1647 1375 1690 Est
1397 1648 1523 1693 enim

262 1717 468 1761 maxime
498 1715 734 1759 necessaria
775 1714 814 1759 8<
840 1717 896 1760 ad
926 1717 1088 1771 vitam,
1111 1716 1150 1760 &⁸
1179 1717 1234 1760 ad
1262 1716 1526 1763 delefiatio-

265 1805 374 1842 nee,
412 1788 451 1832 Sc
485 1788 545 1832 ad
578 1788 710 1832 usum
743 1788 1087 1847 quotidianum.
1136 1787 1196 1832 Ea
1228 1801 1383 1834 autem
1414 1790 1527 1837 faci-

262 1860 352 1904 lior
382 1860 491 1914 erit,
540 1858 570 1903 si
597 1858 746 1903 fontes
780 1871 915 1904 erunt
944 1859 1088 1918 aperti
1120 1858 1161 1903 ὃς
1195 1859 1403 1906 fluentes.
1440 1862 1524 1908 Sin

264 1941 424 1976 autem
458 1945 557 1974 non
595 1929 855 1989 profluent,
884 1929 1149 1990 quaerenda
1179 1931 1263 1977 sub
1284 1944 1397 1977 terra
1418 1935 1525 1979 sunt

267 2005 418 2064 capita
450 2004 491 2049 8c
527 2003 816 2066 colligenda:
856 2020 976 2063 quae
1014 2007 1070 2051 sic
1102 2018 1237 2052 erunt
1274 2008 1526 2067 experiun-

266 2076 351 2131 da,
404 2076 473 2120 uti
504 2074 841 2135 procumbatur
877 2076 924 2120 in
958 2078 1146 2135 dentes,
1178 2091 1431 2139 antequam
1461 2080 1527 2125 sol

265 2162 452 2194 exortus
490 2148 661 2202 fuerit,
703 2148 751 2191 in
793 2149 903 2193 locis
954 2151 1123 2209 quibus
1168 2151 1252 2196 erit
1299 2169 1526 2211 quaeren-

264 2221 407 2277 dum,
446 2221 486 2266 8:
512 2221 559 2266 in
592 2231 707 2264 terra
735 2233 898 2265 mento
930 2223 1156 2266 collocato
1189 2223 1229 2266 8c
1257 2222 1377 2266 fulto
1415 2238 1525 2282 pro-

265 2292 520 2353 spiciantur
556 2308 634 2335 eae
669 2291 889 2353 regiones.
947 2292 1020 2337 Sic
1060 2292 1186 2337 enim
1222 2309 1320 2338 non
1357 2291 1527 2337 errabit

265 2363 486 2409 exceffius
517 2379 659 2422 quam
693 2374 904 2422 oporteat
930 2363 1074 2419 visus,
1110 2380 1220 2408 cum
1251 2364 1333 2409 erit
1355 2364 1528 2408 immo-

265 2448 372 2482 tum
407 2447 653 2492 mentum5
696 2434 774 2481 sed
810 2435 1021 2482 libratam
1050 2436 1346 2482 altitudinem
1378 2435 1427 2480 in
1458 2450 1531 2479 re-
