1600 2902
249 145 345 196 304
499 125 569 173 M.
601 123 893 173 VITRUVII
924 121 1261 175 POLLloNIS

248 250 407 283 catum
425 267 438 290 ‚
473 248 573 293 quo
594 232 866 278 continetur
892 231 1015 288 axis,
1051 233 1229 279 habens
1257 233 1308 280 in
1325 232 1513 280 summo

247 308 400 369 capite
429 306 712 352 subscudem
749 304 944 349 ferream
963 337 976 359 2.
1011 320 1106 363 qua
1138 307 1264 351 mola
1294 307 1512 351 contine-

245 393 337 426 tur.
370 380 438 424 Ita
462 379 626 424 dentes
657 378 753 423 eius
787 375 1035 437 tympani,
1077 377 1210 435 quod
1244 378 1307 422 est
1343 378 1392 424 in
1423 394 1511 423 axe

245 454 510 509 inclusum,
551 451 844 512 impellendo
886 450 1051 494 dentes
1096 452 1308 511 tympani
1354 452 1514 512 plani,

245 536 427 588 cogunt
457 523 555 569 fieri
572 525 805 569 molarum
829 521 1208 577 circinationem,
1230 521 1278 566 in
1305 539 1398 582 qua
1422 542 1515 570 ma·

245 564 385 644 chiira
403 597 682 659 impendens
702 595 1066 641 infundibulum
1090 595 1401 642 subministrat
1418 614 1516 643 rno-

244 672 299 717 lis
334 671 658 727 frumentum,
701 667 742 716 8(
783 667 949 714 eadem
990 666 1244 713 versatione
1286 668 1513 733 subigitur

244 745 404 791 farina.

620 846 960 894 CAPUT
1026 847 1140 892 XI.

210 928 316 976 ‘De
348 930 542 979 cochlea.
587 946 692 991 quae
722 946 926 989 magnam
959 930 1117 991 copiam
1146 930 1318 975 extollit
1350 948 1511 993 aquae,

650 1002 734 1062 sed
763 1019 843 1048 non
880 1014 973 1066 'tam
1002 1002 1098 1047 alte.

324 1100 403 1145 Est
441 1109 602 1145 autem
644 1099 782 1143 etiam
822 1099 1041 1144 cochleae
1071 1099 1217 1155 ratio,
1254 1115 1376 1159 quae
1412 1118 1513 1146 ma·-

243 1189 385 1236 gnam
405 1172 502 1217 vim
527 1170 681 1216 haurit
701 1187 852 1230 aquae
868 1204 882 1227 ,
910 1170 990 1216 sed
1009 1188 1109 1216 non
1136 1185 1232 1216 tarn
1250 1173 1340 1218 alte
1359 1173 1484 1221 tollit
1502 1207 1516 1231 ,

244 1261 393 1305 quam
415 1255 527 1289 rota.
561 1242 668 1288 Eius
702 1254 862 1289 autem
888 1243 1005 1289 ratio
1035 1244 1093 1289 fic
1122 1245 1386 1306 expeditur.
1428 1246 1514 1291 Ti-

245 1335 396 1382 gnum
421 1317 645 1372 sumitur,
667 1317 799 1362 cuius
831 1315 948 1380 tigni
968 1328 1143 1376 quanta
1162 1316 1301 1363 fuerit
1327 1319 1510 1377 pedum

244 1390 532 1455 longitudo,
565 1401 694 1434 tanta
735 1390 991 1453 digitorum
1031 1391 1282 1451 expeditur
1312 1392 1512 1436 craffitu-

248 1465 342 1509 do:
386 1464 436 1508 id
464 1463 524 1508 ad
564 1463 793 1508 circinum
836 1463 1135 1507 rotundatur.
1193 1464 1247 1507 In
1286 1463 1513 1523 capitibus

246 1536 421 1583 circino
459 1535 742 1580 dividuntur
773 1535 1092 1579 circinationes
1121 1551 1283 1579 c-orum
1306 1536 1514 1580 tetranti-

247 1606 336 1652 bus
354 1607 402 1650 in
433 1615 582 1665 partes
621 1615 857 1663 quatuor,
891 1606 967 1649 vel
992 1601 1253 1649 oCtantibus
1282 1605 1329 1649 in
1358 1616 1512 1665 partes

247 1676 382 1735 otto,
413 1674 562 1722 dunis
598 1677 750 1721 lineis:
786 1693 963 1736 eaeque
993 1677 1141 1720 lineae
1183 1676 1245 1720 ita
1273 1678 1512 1723 collocen-

247 1764 349 1807 tur,
384 1762 439 1796 ut
459 1749 506 1794 in
525 1750 668 1810 plano
686 1749 836 1809 posito
857 1748 989 1811 tigno
1006 1748 1067 1792 ad
1090 1748 1294 1793 libellam
1308 1783 1320 1803 ‚
1346 1751 1514 1795 utrius·

247 1841 347 1885 que
375 1823 534 1884 capitis
568 1822 715 1867 lineae
746 1822 865 1866 inter
899 1820 944 1865 se
976 1819 1287 1881 respondeant
1318 1820 1375 1864 ad
1402 1837 1513 1881 per-

248 1897 590 1958 pendiculum:
624 1894 682 1939 ab
712 1895 779 1938 his
806 1893 983 1938 deinde
1010 1909 1035 1937 a
1053 1890 1204 1951 capite
1231 1892 1289 1936 ad
1311 1893 1512 1937 alterum

247 1983 391 2031 caput
409 1970 557 2014 lineae
572 1967 891 2028 perducantur
907 1964 1253 2019 convenientes,
1275 1965 1343 2009 uti
1365 1981 1512 2024 quam

248 2060 416 2106 magna
447 2042 532 2087 erit
561 2057 663 2102 pars
702 2035 861 2085 ossava
895 2035 1201 2082 circinationis
1228 2035 1372 2098 tigni,
1413 2049 1511 2083 tam

247 2119 425 2181 magnis
474 2116 623 2177 spatiis
667 2114 837 2159 distent
886 2111 1147 2157 secundum
1194 2110 1508 2156 latitudinem.

247 2189 323 2236 Sic
354 2191 395 2237 8c
424 2191 473 2235 in
503 2187 843 2234 rotundatione
873 2185 913 2230 8c
945 2185 993 2229 in
1018 2183 1317 2245 longitudine
1343 2200 1512 2243 aequa-

245 2263 305 2307 lia
335 2261 477 2322 spatia
506 2262 633 2305 fient.
655 2260 724 2305 Ita
746 2274 845 2318 quo
868 2256 958 2301 loci
990 2255 1316 2300 describuntur
1334 2257 1506 2305 lineaeq

248 2351 370 2395 quae
397 2335 502 2379 sunt
536 2335 583 2379 in
613 2331 914 2395 longitudine
949 2326 1202 2389 spectantes
1222 2364 1234 2385 ‚
1270 2329 1508 2373 faciendae

246 2409 610 2464 decuffationeS‚
647 2408 688 2453 Sc
720 2407 770 2451 in
807 2403 1200 2451 decuffationibus
1230 2403 1359 2448 finita
1384 2418 1512 2461 pun-
