1600 2902
247 187 389 222 XVIII

243 1404 345 1461 1496

486 168 819 221 NOTITIA
865 168 1284 218 LITERARIA

405 278 571 332 geminis
587 275 739 330 punffis
755 285 840 314 tota
858 274 1004 328 ubique
1019 275 1233 329 perficitur.
1253 277 1412 331 Singula
1428 293 1514 320 ver-

405 334 454 373 ba
472 332 628 372 Graeca
653 330 801 369 Latinis
825 329 948 368 literis
971 329 1138 369 formata
1165 331 1264 371 sunt.
1302 333 1379 371 Ubi
1399 334 1511 385 plura

404 387 529 426 verba
551 385 709 424 Graeca
726 380 800 435 Iegi
817 413 828 430 ‚
853 384 894 423 &
912 383 979 422 ubi
997 383 1142 424 Graeci
1161 385 1297 425 versus
1314 386 1352 425 in
1370 399 1455 440 cap.
1477 401 1510 440 3.

403 440 471 479 lib.
491 438 599 478 VllI.
615 436 690 478 effe
706 435 947 486 debuissent,
965 450 1092 477 vacua
1111 437 1229 492 spatia
1246 439 1377 479 rema
1396 440 1510 490 sunt;

403 505 449 533 ut
479 492 839 546 (quemadmodum
862 490 1016 530 illorum
1039 502 1262 544 temporum
1289 507 1375 533 mos
1402 494 1512 535 fere-

401 548 496 594 bat)
538 547 660 586 verba
691 545 847 586 Graeca
871 546 1009 585 vacuis
1035 545 1108 584 illis
1136 547 1176 585 in
1200 546 1331 599 spatiis
1359 548 1512 601 possent

403 614 525 641 rnanu
558 600 722 639 exarafi.
755 599 840 638 past
865 600 914 638 de
948 597 1062 638 caustl
1098 612 1180 638 non
1208 614 1290 640 uno
1320 602 1510 651 h110c0,

400 668 492 695 cum
527 655 703 694 Vitruvii
726 654 845 692 verba
864 654 912 692 ad
936 653 1100 705 figuram
1129 653 1299 706 aliquam
1315 655 1512 697 referren-

399 721 465 749 tur
477 739 488 757 ,
509 721 685 749 vacuum
701 706 866 762 spatium
881 737 892 754 ‚
912 709 948 746 in
963 720 1045 759 quo
1061 705 1272 746 necessaria
1288 708 1413 761 figura
1430 723 1512 750 ma.

402 776 458 803 nu
485 763 778 809 delinearetur,
804 759 981 800 relietum
1002 760 1068 800 est.
1099 761 1241 814 Figura
1270 764 1373 802 enim
1394 765 1511 804 dum—

399 828 509 857 taxat
536 829 613 856 una
641 818 837 869 reperitur
867 815 906 854 in
932 816 1003 854 hac
1032 813 1092 854 ed.
1114 828 1216 867 quae
1238 816 1279 854 in
1310 817 1509 870 postremo

399 868 506 910 Libri
525 871 639 924 primi
660 869 789 923 capite
804 868 883 916 est,
908 881 955 908 ex
972 869 1110 908 circuli
1132 869 1283 909 ambitu
1298 899 1310 917 ‚
1337 883 1511 922 quatuor

398 922 1510 976 ffiamenssauoquecstmsshucu‚fineunsslstensfin-

401 991 519 1018 mata.
557 979 749 1019 Ceterum
779 977 961 1030 princeps
995 977 1094 1016 haec
1121 976 1272 1024 editio,
1303 989 1352 1017 ex
1374 977 1505 1019 Codd.

401 1046 521 1073 rnanu
545 1033 716 1072 exarafis
743 1032 921 1084 proxhne
948 1031 1155 1079 dessnnta,
1179 1042 1302 1083 atque
1332 1032 1509 1072 exhibsta

401 1087 479 1127 fide
506 1088 690 1139 amiqua,
722 1098 771 1124 eo
797 1086 890 1124 loco
912 1085 1110 1132 habenda,
1140 1097 1185 1124 ut
1205 1083 1454 1125 auetoritatis
1471 1089 1506 1125 ei

401 1141 520 1181 tribui
545 1141 755 1193 plurimum
774 1138 927 1177 debeat.
955 1138 1208 1177 Memoratur
1230 1138 1451 1179 Maittairio
1468 1141 1507 1178 in
1546 1165 1549 1167 >

396 1195 541 1235 Annal.
561 1205 720 1247 typogr.
744 1191 863 1231 Tom.
878 1192 904 1230 1.
933 1204 1018 1245 pag.
1033 1205 1080 1243 75
1095 1204 1126 1230 ι.
1154 1191 1282 1230 Lairio
1308 1193 1350 1231 in
1372 1192 1508 1244 Speci-

397 1249 502 1288 mine
525 1249 589 1287 ξιτ.
607 1261 644 1300 p.
666 1247 754 1300 296.
784 1246 958 1285 Panzero
983 1248 1019 1284 in
1048 1244 1189 1284 Annal.
1219 1257 1303 1298 typ.
1321 1245 1440 1285 Tom.
1462 1247 1505 1286 11.

422 1314 486 1355 ag.-
511 1302 597 1354 584.
632 1299 813 1341 Harlefio
847 1300 886 1339 in
910 1297 1209 1339 Introdufflone
1234 1301 1274 1339 in
1303 1299 1401 1340 Not.
1430 1300 1503 1341 Lit.

437 1368 515 1395 Onu
544 1356 645 1394 Part
669 1355 721 1393 IL
747 1368 892 1407 p.341.

401 1409 488 1450 Hoc
510 1410 545 1448 in
575 1409 748 1447 volumine
777 1411 856 1446 haec
890 1422 989 1460 opera
1013 1406 1239 1448 continentur.
1281 1408 1322 1446 L.
1350 1408 1506 1446 Vitruvia·

397 1463 571 1501 Pollionis
588 1465 626 1500 de
647 1463 881 1500 Architeffura
907 1461 1003 1498 Libri
1024 1464 1143 1500 decem.
1175 1462 1271 1499 Sexti
1293 1462 1379 1499 Iulii
1396 1463 1504 1499 Fron·

396 1517 463 1554 tini
481 1519 518 1555 de
533 1516 806 1568 Aquaedaaibus
826 1514 924 1552 Liber
940 1529 1041 1553 unus.
1064 1514 1196 1566 Angtli
1212 1515 1382 1552 Politiani
1403 1516 1503 1567 Opu-

389 1569 529 1621 fiulum
546 1584 557 1608 .·
575 1572 667 1622 quod
685 1569 938 1621 Panepistemon
967 1567 1170 1619 inscribitur.
1199 1568 1333 1620 Angeli
1346 1566 1503 1607 Poliu‘a-

393 1624 431 1664 ni
453 1623 490 1662 in
515 1625 634 1674 priora
646 1623 841 1674 Analytica
859 1622 1049 1674 praeleflio.
1071 1623 1128 1660 cui
1153 1620 1276 1660 titulus
1296 1623 1337 1674 est
1363 1622 1501 1662 Lamia.

393 1677 460 1718 Ad
478 1676 627 1716 calcem
639 1676 816 1715 vitruvii
833 1674 1019 1726 leguntur
1038 1675 1208 1714 haecce:
1233 1676 1424 1714 Florentiae
1439 1676 1501 1713 im-

390 1730 535 1784 preffum
560 1729 656 1769 atino
673 1745 696 1767 a
710 1729 824 1768 natali
854 1729 1042 1780 Christiano
1060 1731 1117 1767 M.
1133 1739 1249 1768 CCCC.
1267 1731 1499 1769 IXXXXVI.

393 1783 535 1824 fb1.-
569 1784 636 1823 I)e
661 1782 733 1822 hac
760 1782 937 1832 ed.haeg
963 1781 1499 1835 habetPolenus‚l.c.pag.

395 1850 438 1890 15
457 1837 508 1890 sq.
539 1850 563 1873 n
579 1837 685 1890 Quis
702 1837 765 1876 ille
793 1836 910 1875 fuerit
926 1867 936 1882 ,
959 1837 1074 1876 cuius
1097 1849 1192 1877 cura
1219 1836 1319 1875 haec
1337 1837 1500 1889 prodie-

393 1893 445 1931 rit
465 1892 607 1938 editio,
634 1902 766 1943 neque
785 1890 949 1942 reperiri
975 1888 1121 1944 uspiam
1165 1890 1268 1930 otuit
1281 1919 1292 1936 ‚
1310 1901 1440 1942 neque
1459 1890 1500 1929 in

392 1944 471 1998 ipsa
499 1946 673 1985 editione
697 1943 842 1998 uspiam
864 1954 1040 1996 apparet.
1071 1903 1216 1984 Nquae
1237 1943 1341 1982 enim
1361 1942 1501 1983 adsunt

391 1998 684 2045 praefationes,
705 1998 856 2037 nullum
881 1997 1053 2037 nominis
1073 1997 1236 2037 editoris
1251 1996 1373 2036 exstat
1398 1997 1500 2036 indi-

392 2054 510 2093 cium.
527 2075 582 2083 —
610 2051 774 2091 Nullum
803 2052 1061 2105 praeteream
1083 2051 1157 2089 hac
1178 2052 1238 2089 ed.
1263 2050 1405 2103 legitur
1430 2062 1499 2102 ty-

392 2106 584 2160 pographi
605 2118 765 2145 nomen.
800 2107 854 2144 At
882 2105 1181 2149 animadverto,
1210 2116 1232 2142 a
1258 2104 1296 2143 P.
1316 2104 1498 2144 Orlando

390 2161 587 2214 (Origine
601 2171 623 2198 e
642 2157 846 2212 Progreffo
860 2158 958 2198 della
976 2158 1134 2211 Stampa
1158 2170 1245 2211 pag.
1275 2171 1288 2196 1
1301 2172 1317 2208 3
1329 2158 1391 2211 ς.)
1408 2170 1498 2197 nar-

385 2215 485 2262 rari,
526 2226 574 2252 ex
597 2212 757 2252 officina
779 2212 948 2251 Leonardi
972 2213 1010 2249 dc
1041 2212 1161 2264 Arigis
1193 2211 1376 2264 prodiiffe
1404 2211 1498 2250 Flo-

387 2269 541 2308 rentiae
566 2279 671 2306 anno
701 2279 812 2319 ¹499·
836 2264 972 2318 Opera
998 2264 1204 2306 Pontiani:
1236 2265 1495 2318 quamobrem

383 2321 529 2360 coniici
551 2319 849 2373 quodammodo
870 2318 1018 2372 potest,
1038 2331 1087 2358 ex
1103 2320 1242 2358 eadem
1266 2319 1424 2358 officina
1441 2329 1496 2357 et-

381 2377 459 2414 iam
483 2375 717 2414 Vitruvium
742 2386 832 2412 cum
861 2372 1056 2413 Politiano
1083 2374 1192 2426 prius
1206 2372 1401 2426 prodiisset
1431 2371 1493 2410 Ad

382 2428 528 2469 calcem
556 2428 659 2466 Libri
688 2426 796 2466 Sext.
821 2426 1021 2474 Homini,
1048 2428 1116 2480 qui
1137 2429 1190 2467 iu}
1210 2427 1285 2466 hac
1316 2423 1494 2465 editione

380 2481 458 2531 est,
482 2482 667 2536 leguntur
684 2481 811 2521 verba
840 2481 961 2521 haec:
986 2481 1155 2521 Libellum
1176 2482 1268 2520 lzmzc
1291 2480 1491 2533 &Aquae-
