1600 2902
287 153 328 187 11
533 139 600 187 M.
639 140 685 187 V
688 140 884 187 {TRUV
889 142 932 186 11
966 141 1304 190 POLLIONIS

287 245 354 285 etsi
386 258 519 286 rerum
549 247 815 291 obscuritate,
849 257 1034 286 veterum
1061 248 1294 303 scriptorum
1324 250 1373 291 de
1397 265 1447 292 eo
1468 264 1560 306 per-⁵

287 311 406 350 tinaci
431 310 603 362 quodam
636 309 807 355 silentio,
834 309 873 348 ὅ(
895 308 1034 348 suimet
1065 313 1114 350 de
1139 312 1177 352 se
1203 313 1287 365 ipso
1314 314 1353 352 in
1388 314 1559 355 dicendo

285 373 504 413 sobrietate
535 374 576 413 δε
606 372 823 421 modestia,
854 386 978 426 prope
1004 374 1053 412 ab
1083 374 1243 428 incepto
1270 375 1557 418 deterreamur.

286 434 487 488 Principio
510 435 617 488 quod
636 435 684 473 ad
709 434 795 474 eius
815 436 982 488 patriam
1000 436 1195 488 pertinet,
1226 451 1311 477 non
1332 440 1477 489 modo,
1495 441 1555 480 uti

286 500 337 538 de
369 501 551 539 Homero
581 498 774 551 legimus,
815 499 854 537 in
884 499 1048 538 dubium
1080 500 1280 549 vertitur,
1307 501 1371 542 sed
1399 502 1557 556 prorsus

286 562 504 616 ignoratur.
538 559 716 612 Quidam
732 590 744 609 ‚
765 573 814 600 eo
842 559 1002 601 fortasse
1033 562 1143 614 quod
1160 562 1315 602 Romae
1329 565 1453 604 vitam
1478 566 1557 604 du-

284 624 411 670 xerit,
441 623 668 662 Romanum
695 634 917 676 putarunt:
957 624 1025 676 qui
1063 635 1225 673 tamen,
1262 637 1408 679 utpote
1450 627 1557 666 nulla

285 686 483 740 probabili
509 687 691 735 ratione,
723 687 928 725 veterisve
956 685 1159 740 scriptoris
1182 687 1420 728 auctoritate
1442 689 1558 738 fulti,

286 751 433 789 merito
458 747 706 788 reiic'iuntur.
749 747 849 787 Sunt
874 749 1055 788 nonnulli
1077 749 1145 802 qui
1174 744 1446 789 Veronensem
1474 763 1558 789 vo-

285 813 396 861 lunt,
425 826 477 853 eo
508 812 611 852 ducti
637 823 898 865 argumento,
929 813 1037 865 quod
1064 813 1105 852 in
1134 813 1266 852 veteri
1287 813 1463 854 eiusdem
1487 825 1557 852 ur-

284 875 345 915 bis
371 875 526 916 fornice
551 876 649 915 haec
680 874 881 928 inscriptio
911 875 1091 928 legatur:

598 951 634 978 L.
665 950 919 979 wTRUvms
949 951 984 978 L.
1018 949 1055 978 L.
1087 947 1237 980 CERDO

761 1012 1088 1042 ARCHHECTUS.

285 1064 396 1105 Inter
414 1064 502 1104 illos
527 1065 595 1117 qui
618 1066 833 1118 praecipue
850 1065 888 1103 in
915 1065 1017 1104 hanc
1036 1064 1269 1104 sententiam
1289 1066 1555 1114 transierunt,

285 1125 362 1166 fuit
391 1129 594 1180 egregius,
631 1129 732 1166 citra
757 1126 1069 1166 controversiam
1087 1155 1099 1174 ‚
1130 1128 1213 1175 vir,
1247 1128 1555 1180 multiplicisque

285 1188 520 1228 eruditionis
552 1188 665 1227 laude
694 1187 851 1240 insignis
869 1219 880 1236 ,
914 1188 1095 1227 Andreas
1121 1188 1323 1236 Alcimus,
1354 1188 1386 1227 ἶ.
1420 1189 1470 1227 U.
1499 1189 1549 1228 C.

284 1248 413 1288 Cuius
440 1250 496 1288 rei
525 1261 607 1288 non
631 1249 753 1287 modo
782 1247 1025 1301 locupletem
1057 1248 1248 1288 habemus
1275 1249 1415 1288 testem
1448 1250 1555 1289 Gui-

283 1308 458 1349 lielmurn
480 1309 728 1349 Philantlrum
742 1340 753 1357 ‚
773 1307 837 1347 sed
851 1310 890 1348 &-
904 1321 951 1347 ea
977 1309 1094 1348 fidem
1113 1309 1266 1349 faciunt
1281 1342 1293 1360 ‚
1309 1324 1409 1363 quae
1431 1312 1555 1350 idem-

284 1382 368 1410 met
390 1371 569 1410 Alciatus
591 1372 629 1409 in
653 1371 962 1410 commentarios
989 1372 1165 1410 coniecit
1181 1402 1192 1419 ‚
1215 1385 1318 1424 quos
1345 1374 1556 1412 eruditiffi-

284 1446 373 1473 mos
395 1434 515 1473 edidit
539 1435 578 1472 in
606 1432 841 1472 pandectas:
876 1433 927 1471 ibi
955 1434 1058 1471 enim
1078 1433 1345 1474 asseveranter
1373 1449 1555 1488 pronun-

283 1496 429 1544 tiavit,
476 1496 743 1535 Vitruviauae
781 1494 1069 1534 architecturae
1107 1497 1349 1549 epigraphen
1390 1499 1444 1537 ita
1477 1496 1554 1538 effe

283 1557 593 1597 restituendam:
631 1569 666 1595 1..
709 1567 926 1595 vrrRuvn
968 1568 1207 1596 PELLIONIS.
1256 1557 1421 1598 Refellit
1450 1559 1553 1599 hunc

283 1619 518 1667 Philander‚
548 1619 702 1672 primo,
742 1617 851 1670 quod
881 1618 920 1656 in
954 1618 1139 1658 omnibus
1173 1620 1466 1672 exemplaribus
1501 1633 1551 1659 M.

283 1694 366 1720 non
387 1693 422 1719 L.
444 1682 482 1720 δι
510 1692 676 1720 POLLIO
693 1711 703 1727 ,
723 1693 803 1719 non
826 1691 980 1719 PELLIO
1002 1681 1177 1732 legatur:
1205 1680 1370 1727 deinde,
1393 1681 1554 1721 Cerdo-

286 1759 377 1785 nem
410 1759 491 1785 non
517 1745 593 1785 effe
622 1746 818 1785 continuo
857 1744 965 1796 quod
994 1744 1236 1793 Pellionem,
1265 1759 1386 1797 quum
1417 1745 1552 1786 Cerdo

282 1810 362 1849 ἀπὸ
386 1808 452 1847 τοῦ
479 1809 653 1859 nepsam,
691 1808 769 1847 hoc
792 1807 871 1854 est,
900 1820 922 1845 a
949 1807 1063 1846 lucro
1081 1838 1092 1855 ‚
1124 1807 1223 1846 alter
1252 1821 1353 1847 vero
1381 1821 1404 1846 a
1437 1809 1553 1862 pelli-

283 1872 360 1912 bus
389 1873 571 1911 dicatur:
603 1871 758 1909 demum
777 1900 788 1917 ,
823 1869 849 1908 sl
878 1867 981 1907 idem
1006 1868 1082 1907 effe
1104 1869 1239 1908 Cerdo
1257 1871 1298 1910 &
1317 1869 1436 1909 Pellio
1456 1883 1553 1910 con-

283 1935 520 1983 cederetur,
548 1933 644 1972 nihil
672 1943 884 1985 propterea
911 1929 987 1970 effe
1019 1930 1238 1970 architecto
1264 1945 1352 1970 cum
1381 1932 1551 1984 pellibus

284 2009 508 2036 commune.
533 1995 834 2048 Inscriptionem
864 2006 965 2032 vero
992 1993 1115 2039 illam,
1140 1993 1308 2032 hominis
1330 2005 1411 2031 non
1436 1992 1551 2031 studii

283 2057 361 2097 effe
387 2058 578 2105 indicem,
608 2058 646 2097 δι
667 2057 821 2096 tandem
854 2055 1050 2095 Cerdonis
1077 2055 1150 2105 (ut
1176 2056 1215 2093 in
1241 2053 1396 2093 fornice
1419 2054 1549 2093 -habe-

282 2119 381 2171 tur)
405 2133 484 2158 non
503 2119 687 2159 Pellionis
714 2118 1017 2172 appellationem
1046 2116 1121 2156 effe
1138 2115 1432 2156 restituendam.
1471 2115 1550 2154 Po-

284 2180 431 2221 stremo
454 2193 500 2219 ea
524 2182 680 2220 ratione
700 2181 902 2219 Alciatum
926 2179 1078 2231 iugulat
1093 2209 1103 2225 ‚
1126 2177 1235 2230 quod
1257 2178 1317 2216 ille
1336 2178 1550 2217 Veronen-

282 2242 329 2282 sis
370 2243 633 2291 architectus,
683 2241 753 2282 sub
792 2241 955 2281 mutulis
998 2241 1222 2279 denticulos
1261 2239 1548 2284 collocaverit,

284 2317 387 2358 quae
413 2318 475 2344 res
503 2307 560 2345 uti
585 2306 684 2344 vitio
711 2318 791 2344 non
819 2316 957 2349 carens
976 2333 986 2350 ,
1012 2316 1034 2341 a
1058 2301 1194 2341 nostro
1214 2302 1407 2341 Vitruvio
1433 2313 1549 2339 acer-

283 2367 382 2406 rime
407 2367 720 2420 reprehenditur.
750 2367 862 2414 Nos,
890 2375 936 2404 ut
956 2364 1187 2417 opinionem
1211 2363 1380 2402 nostram
1405 2362 1443 2399 in
1467 2374 1550 2400 me-

282 2428 390 2468 dium
423 2427 694 2481 proferamus,
723 2424 982 2467 architectum
1014 2425 1123 2465 illum
1159 2424 1293 2465 nostro
1327 2423 1551 2469 iuniorem,
