1600 2902
272 161 367 211 302
523 142 592 190 M.
629 140 920 193 VITRUVH
952 139 1291 195 POLLIONIS

639 294 982 344 CAPUT
1046 297 1160 345 IX.

302 377 373 424 De
398 396 656 440 organorum
677 381 735 426 ad
752 398 903 443 aquam
940 381 1218 427 hauriendam
1243 381 1497 443 generibus,

613 455 652 496 ds
682 455 866 516 primum
902 453 949 499 de
983 465 1190 517 tympano.

330 538 475 584 Nunc
490 539 548 584 de
568 540 748 603 organis
763 575 775 596 ‚
806 557 927 600 quae
948 541 1007 586 ad
1025 541 1342 587 hauriendum
1360 558 1535 602 aquam

265 612 455 656 inventa
498 612 625 668 sunt,
673 612 1085 671 quemadmodum
1120 613 1254 658 variis
1288 614 1535 676 generibus

265 694 629 742 comparentur,
671 700 920 744 exponam.
971 683 1026 728 Et
1049 684 1256 744 primum
1289 685 1437 728 dicam
1474 684 1533 727 de

265 762 514 813 tympano.
543 753 598 796 Id
624 764 780 798 autem
812 770 911 799 non
948 756 1038 798 alte
1074 756 1197 799 tollit
1231 772 1425 814 aquam,
1456 754 1534 798 sed

266 826 483 870 exhaurit
521 826 861 885 expeditiflime
906 828 1266 872 multitudinem
1306 843 1534 889 magnam.

265 894 341 941 Fit
365 897 459 940 axis
484 896 543 940 ad
562 908 756 941 tornum
786 910 867 942 aut
900 898 1130 943 circinum
1158 898 1403 943 fabricatus
1421 933 1432 952 ,
1467 912 1536 941 ca-

263 970 443 1030 pitibus
475 970 647 1015 lamina
680 971 884 1026 ferratis,
925 972 1100 1016 habens
1135 972 1182 1016 in
1226 971 1387 1015 medio
1418 971 1536 1015 circa

263 1041 309 1085 se
331 1052 619 1101 tympanum
658 1058 716 1086 ex
747 1042 916 1087 tabulis
943 1042 1066 1088 inter
1100 1044 1143 1087 se
1179 1042 1534 1105 coagmentatis:

265 1113 616 1174 collocaturque
646 1116 694 1159 in
734 1115 965 1175 stipitibus
1006 1116 1287 1161 habentibus
1313 1116 1360 1158 in
1383 1114 1426 1158 se
1449 1113 1534 1157 sub

261 1186 416 1245 capite
447 1186 540 1230 axis
571 1185 734 1231 ferreas
765 1187 970 1231 laminas.
1009 1188 1064 1231 In
1090 1187 1185 1250 eius
1214 1185 1429 1248 tympani
1463 1201 1536 1230 ca-

260 1272 322 1303 vo
346 1259 718 1319 interponuntur
750 1256 856 1305 offilo
880 1260 1066 1305 tabulae
1101 1261 1376 1305 transversae
1395 1293 1406 1314 ‚
1438 1270 1537 1302 tan-

262 1341 424 1391 gentes
445 1345 580 1374 axem
604 1331 644 1374 &
669 1341 926 1376 extremam
946 1332 1161 1392 tympani
1182 1331 1505 1376 circuitionem
1519 1362 1534 1384 ,

260 1417 382 1460 quae
407 1401 629 1447 dividunt
649 1404 858 1463 aequalia
895 1403 944 1449 in
972 1415 1202 1464 tympano
1227 1404 1379 1463 spatia.
1434 1402 1534 1447 Cir-

262 1491 314 1519 ca
337 1475 544 1518 frontem
581 1474 677 1520 eius
716 1477 923 1538 figuntur
957 1477 1166 1531 tabulae,
1205 1475 1369 1521 relitstis
1398 1475 1535 1520 semi-

261 1547 510 1608 pedalibus
559 1550 782 1607 aperturis
817 1549 878 1592 ad
907 1565 1080 1607 aquam
1113 1549 1228 1593 intra
1262 1548 1535 1608 concipien-

259 1620 384 1666 dam.
450 1619 570 1664 Item
603 1619 865 1665 secundum
908 1637 1043 1665 axem
1080 1620 1366 1665 columbaria
1411 1620 1534 1665 fiunt

263 1702 482 1737 excavata
516 1691 563 1734 in
590 1691 775 1752 fingulis
812 1692 962 1751 spatiis
995 1708 1052 1736 ex
1072 1709 1163 1738 una
1187 1706 1328 1751 parte
1378 1693 1431 1736 Id
1451 1710 1534 1737 au-

260 1777 360 1811 tem
400 1781 511 1810 cum
542 1764 605 1808 est
647 1765 794 1808 navali
832 1765 1012 1809 ratione
1046 1764 1281 1823 picatum,
1328 1764 1535 1809 homini-

261 1838 354 1884 bus
388 1836 675 1882 calcantibus
706 1836 940 1893 versatur,
983 1837 1024 1882 Sc
1065 1836 1324 1881 hauriendo
1361 1852 1534 1895 aquam

262 1927 348 1972 per
379 1921 643 1970 aperturas,
681 1926 801 1967 quae
829 1908 935 1953 sunt
957 1909 1006 1953 in
1027 1909 1260 1953 frontibus
1293 1911 1534 1970 tympani,

261 1983 418 2029 reddit
449 2000 548 2028 eam
569 1999 652 2042 per
677 1981 965 2026 columbaria
995 1982 1256 2026 secundum
1280 1998 1428 2026 axem.
1464 1983 1533 2026 Ita

261 2056 502 2116 supposito
528 2055 658 2100 labro
690 2055 847 2117 ligneo
863 2088 875 2109 ‚
911 2054 1114 2099 habente
1134 2071 1225 2098 una
1246 2054 1397 2098 secum
1420 2070 1534 2098 con·

261 2126 483 2174 iunctum
521 2129 756 2183 canalem,
795 2128 836 2172 Sc
869 2126 1011 2170 hortis
1044 2127 1103 2170 ad
1138 2126 1449 2189 irrigandum,
1490 2125 1532 2171 Sc

259 2201 408 2247 salinis
431 2202 492 2245 ad
514 2199 878 2261 temperandum
908 2199 1162 2259 praebetur
1188 2216 1336 2258 aquae
1371 2199 1534 2244 multi-

263 2275 397 2320 tudO.
433 2274 559 2319 Cum
592 2289 749 2320 autem
791 2274 923 2318 altius
957 2274 1284 2318 extollendum
1315 2273 1424 2328 erit,
1457 2288 1532 2316 ea-

264 2348 379 2393 dem
410 2348 526 2393 ratio
559 2346 934 2392 commutabitur
967 2348 1037 2391 fic.
1086 2348 1206 2391 Rota
1242 2346 1320 2390 fiet
1356 2345 1531 2388 circum

266 2435 403 2466 axem
437 2419 605 2465 eadem
642 2418 993 2483 magnitudine,
1028 2429 1082 2464 ut
1109 2419 1169 2463 ad
1209 2415 1532 2472 altitudinem³
