1600 2902
337 191 422 242 DE
458 190 957 240 ARCHITECTURA
992 191 1099 239 LIB.
1132 191 1214 241 IV.
1319 207 1410 258 113

150 303 192 350 Sc
222 301 449 348 dimidiati
483 300 699 357 moduli,
741 301 819 345 lati
856 301 904 345 in
945 299 1098 345 fronte
1139 299 1278 346 unius
1310 316 1416 346 mo·

149 376 270 429 duli3
307 373 369 419 ita
413 374 570 430 divifi,
600 387 653 419 ut
689 373 737 418 in
768 374 1066 436 angularibus
1103 375 1336 419 columnis
1368 375 1411 420 Sc

149 448 199 492 in
230 445 393 490 mediis
427 457 591 491 contra
627 456 848 490 tetrantes
879 446 1061 491 medios
1092 447 1178 491 sint
1212 448 1416 493 colloca-

147 520 215 574 ti,
267 517 706 564 &intercolumniis
752 518 940 578 reliquis
986 519 1108 575 bini,
1158 520 1205 563 in
1246 521 1414 565 mediis

148 607 330 651 pronao
362 590 402 635 Sc
435 591 611 651 postico
647 591 776 634 terni.
818 590 885 634 Ita
919 590 1129 634 relaxatis
1157 592 1320 636 mediis
1342 592 1415 637 in-

147 664 350 709 tervallis
392 664 484 709 sine
525 661 918 723 impeditionibus
957 662 1110 707 aditus
1148 665 1417 710 accedenti-

148 737 239 783 bus
275 739 360 783 erit
399 739 458 783 ad
493 737 708 783 Deorum
741 736 992 780 simulacra.
1039 736 1417 799 Triglyphorum

147 811 354 856 latitudo
401 811 637 855 dividatur
680 809 728 853 in
773 820 924 869 partes
973 808 1082 862 seX,
1134 826 1193 853 ex
1238 812 1418 870 quibus

150 886 367 945 quinque
398 895 547 945 partes
583 883 632 926 in
666 882 849 937 medio,
886 882 1007 926 duae
1039 882 1261 928 dimidiae
1298 885 1418 930 dex-

150 967 219 1001 tra
251 973 302 1002 ac
333 957 498 1001 sinistra
523 955 823 1017 designentur
845 974 852 997 ;
881 955 1039 1017 regula
1065 971 1157 999 una
1180 956 1227 1000 in
1252 957 1415 1003 medio

148 1027 444 1073 deformetur
471 1027 648 1084 femur,
689 1027 823 1087 quod
860 1028 1033 1072 Graece
1061 1029 1183 1083 μηρὸς
1218 1028 1413 1075 dicitur:

147 1099 411 1144 secundum
444 1115 546 1144 eam
587 1100 830 1144 canaliculi
869 1100 928 1144 ad
961 1115 1154 1145 normae
1189 1117 1416 1147 cacumen

150 1173 493 1233 imprimantur.
533 1173 604 1218 Ex
630 1173 793 1218 ordine
821 1190 1011 1229 eorum,
1043 1174 1204 1219 dextra
1232 1192 1283 1220 ac
1309 1177 1418 1221 sini-

150 1246 259 1301 stra,
280 1247 419 1291 altera
438 1246 612 1290 femora
633 1247 998 1302 constituantur,
1019 1248 1066 1291 in
1087 1250 1302 1293 extremis
1320 1266 1418 1309 par·

151 1320 278 1364 tibus
319 1320 677 1365 semicanaliculi
722 1319 1096 1365 intervertantur.
1146 1321 1417 1384 Triglyphis

151 1390 216 1436 ita
242 1392 501 1448 collocatis,
537 1404 778 1452 metopae,
816 1408 936 1450 quae
968 1393 1075 1437 sunt
1108 1394 1229 1438 inter
1252 1396 1416 1456 trigly-

150 1466 298 1524 phos,
316 1482 466 1524 aeque
491 1467 609 1510 altae
628 1466 739 1520 sint,
759 1482 903 1524 quam
930 1467 1107 1528 longae.
1138 1467 1255 1511 Item
1278 1469 1323 1512 in
1345 1485 1415 1513 ex-

149 1537 309 1581 tremis
343 1538 521 1599 angulis
552 1536 873 1596 semimetopia
904 1538 992 1582 smt
1035 1539 1244 1598 impressa
1277 1540 1417 1586 dimi-

149 1608 226 1653 dia
259 1609 444 1654 moduli
474 1609 737 1654 latitudine.
780 1610 847 1653 Ita
879 1610 1003 1654 enim
1034 1612 1146 1667 erit,
1175 1625 1225 1656 ut
1257 1617 1416 1659 omnia

148 1683 262 1727 vitia
302 1682 343 1728 8c
376 1693 699 1742 metoparum,
741 1682 781 1726 &3
816 1682 1292 1729 intercolumniorum
1315 1720 1326 1742 ,
1371 1688 1414 1732 &t

150 1756 525 1810 lacunariorum,
562 1754 697 1814 quod
735 1757 949 1814 aequales
989 1755 1234 1802 divisiones
1272 1758 1415 1804 faciae

151 1841 288 1874 erunt
304 1862 316 1884 ,
339 1827 666 1872 emendentur.
690 1827 939 1890 Triglyphi
957 1829 1157 1888 capitula
1178 1829 1300 1874 sexta
1320 1848 1417 1890 par·

149 1913 199 1947 te
221 1902 406 1947 moduli
429 1902 536 1947 sunt
561 1901 782 1946 facienda.
805 1903 954 1961 Supra
975 1903 1321 1965 triglyphorum
1344 1920 1416 1948 ca-

153 1976 303 2035 pitula
327 1991 497 2020 corona
518 1976 579 2020 est
600 1975 871 2020 collocanda
886 2009 898 2028 ,
921 1976 967 2019 in
990 1973 1251 2035 proiefiura
1272 1976 1416 2019 dimi-

154 2049 232 2094 dia
256 2048 294 2092 <Q
317 2049 439 2094 sexta
466 2061 596 2110 parte
616 2050 791 2094 habens
813 2051 1072 2110 cymatium
1104 2049 1333 2094 Doricum
1367 2050 1414 2093 in

153 2122 252 2166 imo
271 2155 283 2177 ,
315 2122 511 2166 alterum
531 2123 577 2167 in
598 2123 806 2168 summo:
836 2123 948 2167 item
979 2137 1088 2165 cum
1109 2122 1317 2182 cymatiis
1338 2139 1416 2166 co-

153 2209 268 2239 rona
286 2192 416 2237 craffa
434 2211 492 2238 ex
511 2195 705 2239 dimidia
721 2196 917 2239 moduli.
937 2193 1232 2239 Dividendae
1252 2206 1415 2238 autem

154 2266 262 2310 sunt
286 2265 331 2308 in
351 2280 521 2311 corona
543 2268 630 2311 ima
647 2268 706 2311 ad
735 2268 1133 2328 perpendiculum
1164 2267 1416 2325 triglypho-

154 2357 260 2386 rum
291 2340 331 2384 &
376 2339 434 2383 ad
469 2340 641 2385 medias
677 2353 886 2401 metopas
919 2343 1098 2386 viarum
1139 2336 1416 2384 directiones

156 2414 198 2460 86
237 2426 472 2476 guttarum
520 2414 894 2471 distributiones,
935 2416 997 2459 im
1040 2414 1105 2458 uti
1143 2425 1299 2475 guttae
1336 2414 1415 2457 sex

154 2487 204 2532 in
235 2486 607 2545 longitudinem,
648 2499 733 2534 tres
772 2490 820 2534 iu
854 2487 1154 2534 latitudinem
1197 2498 1412 2546 pateant:

290 2552 516 2598 Vitruvius.
1112 2552 1159 2596 11
