1600 2902
205 186 286 221 ‘XII
373 171 443 218 Μ.
473 166 771 219 VITRUVII
802 163 1147 211 POLLIONIS
1179 163 1353 213 VITA.

209 277 384 319 memoriae
402 277 611 321 tradantur,
636 272 778 311 breviter
800 285 984 323 exponam.
1028 271 1090 310 Sic
1110 271 1198 310 enim
1219 269 1413 323 expeditius
1439 284 1481 309 ea

207 342 346 395 recipere
365 350 525 393 poterunt
548 349 682 376 mentes.
716 334 802 373 Non
829 335 969 379 minus,
993 347 1068 372 cum
1084 332 1387 385 animadvmffm
1406 332 1481 371 dis·

210 415 338 443 tentam
367 398 650 453 occupationibus
686 396 860 436 civitatem
894 395 1048 447 publicis
1079 394 1114 433 ὃ·
1136 396 1289 447 privatis
1313 395 1480 449 negotiis,

204 464 332 516 paucis
362 460 519 501 iudicavi
540 458 779 509 scribendum,
825 455 876 493 uti
894 456 1050 509 sangusto
1072 454 1190 507 [patio
1225 455 1413 495 vacuitatis
1443 470 1482 494 ea

206 526 370 578 legentes,
391 524 531 562 breviter
546 521 712 575 percipere
735 518 881 572 pQffi'nt·
935 519 1046 558 Haec
1073 517 1162 566 ille,
1188 518 1364 571 &longe
1390 518 1482 572 plu-

209 600 279 627 ra:
319 586 388 639 qui
415 585 443 624 fi
474 584 714 624 brevitatem
742 581 932 621 sermonis
957 579 1137 620 claritate
1172 578 1482 633 compensaffet,

208 661 356 703 operae
373 646 514 702 procul
532 645 655 686 dubio
679 642 825 685 feciffet
843 644 1029 697 pretium.
1065 643 1121 681 At
1140 642 1351 682 Horatiani
1369 656 1485 696 prae-

209 712 317 766 cepti
342 712 548 751 immemor
565 739 576 757 ‚
599 709 690 748 dum
710 707 946 747 brevitatem
974 705 1250 759 prosequitur,
1276 706 1317 745 in
1339 704 1483 745 obscu-

210 775 368 813 ritatem
396 770 684 826 praecipitavit.
721 769 832 809 Haec
849 768 898 808 de
919 766 1150 808 dofffina&
1170 766 1332 821 scriptis.
1364 766 1486 818 Qua-

212 847 333 874 tenus
358 845 461 879 vero
488 832 537 870 ad
568 828 773 884 personam
811 830 1006 884 pertinet,
1036 828 1184 869 statura
1215 827 1289 868 fuit
1320 826 1489 874 humili,

209 895 340 950 specie
368 894 475 934 haud
496 891 662 932 multum
689 904 797 944 grata
821 893 861 932 &
891 891 1088 943 eleganti,
1114 889 1223 943 quod
1246 902 1293 930 ex
1311 889 1395 928 eius
1424 888 1488 926 di-

214 959 284 999 ἑὶίς
313 960 361 998 ad
382 956 606 1010 Augustum
634 955 851 1004 habemu53
885 955 939 993 ait
969 954 1093 993 enim:
1127 954 1224 993 Mihi
1246 965 1383 1000 autem,
1410 954 1487 992 Im-

211 1035 373 1076 perator,
390 1024 559 1074 staturam
580 1033 651 1056 non
668 1017 786 1056 tribuit
805 1030 931 1056 natura
946 1048 961 1064 ,
983 1016 1114 1067 faciem
1137 1015 1342 1067 deformavit
1364 1026 1486 1062 aetas,

214 1085 378 1122 ⁴«valetudo
409 1080 560 1120 detraxit
589 1079 688 1118 vires.
734 1077 861 1118 Porro
895 1078 1083 1130 quamdiu
1108 1078 1274 1125 vixerit,
1297 1091 1378 1130 quo
1408 1077 1487 1116 loci

215 1148 321 1186 diem
354 1143 561 1190 clauserit,
592 1142 662 1181 ubi
690 1141 910 1181 tumulatus
949 1139 1095 1188 fuerit,
1132 1139 1264 1180 nullus
1294 1138 1348 1178 est
1383 1139 1487 1177 anti-

217 1222 391 1263 quorum
417 1206 655 1259 scriptorum
680 1204 747 1256 qui
776 1203 951 1250 doceat3
987 1200 1094 1241 unde
1117 1198 1183 1248 fit,
1210 1210 1255 1239 ut
1277 1211 1403 1252 aeque
1428 1198 1486 1238 se-

216 1272 404 1326 pulturae
429 1270 514 1313 eius
537 1267 651 1309 locus
672 1264 867 1307 obscurus.
893 1264 968 1314 fit,
999 1273 1120 1320 atque
1139 1261 1271 1305 natale
1297 1260 1426 1304 folum
1446 1261 1487 1304 &

218 1333 359 1389 patriae
