1600 2902
228 236 287 296 56
474 234 540 279 M.
577 232 869 278 VITRUVII
902 232 1241 281 POLLIONIS

225 341 419 403 praestat
448 342 713 397 firmitateS,
751 341 829 387 sed
867 342 1006 386 etiam
1038 344 1183 388 moles
1218 358 1339 402 quae
1372 357 1482 388 con-

224 416 466 460 struuntur
498 414 546 459 in
579 415 720 470 mari,
758 414 844 459 sub
876 431 998 474 aqua
1035 415 1326 461 solidescunt.
1374 417 1481 462 Hoc

225 498 381 532 autem
425 487 521 532 fieri
555 487 636 532 hac
668 487 845 532 ratione
875 487 1094 544 videtur,
1141 488 1273 547 quod
1303 488 1387 533 sub
1418 489 1485 533 his

224 561 468 606 montibus
500 561 541 607 «Ως
566 572 680 606 terra
702 596 713 616 ,
746 561 975 606 ferventes
1000 561 1106 606 sunt
1133 562 1282 607 fontes
1302 564 1481 619 crebri,

224 634 309 693 qui
338 649 436 678 non
467 632 631 689 essent,
666 634 696 678 fi
731 650 829 679 non
864 634 912 678 in
941 634 1037 678 imo
1069 635 1290 681 haberent
1317 648 1397 681 aut
1422 636 1482 679 de

223 705 472 764 sulphure,
508 716 589 751 aut
622 706 856 761 alumine,
893 718 975 751 aut
998 706 1233 751 bitumine
1267 708 1482 752 ardentes

223 779 452 825 maximos
487 780 623 842 ignes.
671 778 816 841 Igitur
848 779 1036 838 penitus
1060 774 1235 841 ignis'&
1265 778 1481 824 flammae

221 867 365 912 vapor
395 869 479 913 per
503 851 758 896 intervenia
789 868 1062 912 permanans
1089 851 1130 896 Sc
1159 852 1350 907 ardens,
1390 852 1483 895 effi-

222 924 286 968 cit
305 925 456 968 levem
484 940 583 968 eam
607 936 774 968 terram
793 958 804 979 ,
830 924 871 968 8ε
892 923 958 967 ibi
978 924 1061 983 qui
1087 924 1287 970 nascitur
1308 923 1482 983 tophus

221 1012 429 1059 exugens
451 997 535 1053 est,
565 997 606 1043 8c
645 997 739 1042 fine
762 997 958 1057 liquore.
1012 997 1129 1059 Ergo
1157 1013 1269 1042 cum
1300 1009 1388 1044 tres
1412 995 1482 1041 res

222 1070 448 1115 consimili
487 1071 691 1127 ratione,
735 1071 852 1134 ignis
893 1071 1190 1116 vehementia
1227 1070 1480 1125 formatae,

220 1143 270 1188 in
294 1158 436 1189 unam
463 1142 762 1202 pervenerint
796 1141 1075 1186 mixtionem
1093 1176 1106 1197 ,
1138 1154 1332 1202 repente
1360 1158 1483 1187 rece-

219 1228 306 1278 pto
342 1217 528 1276 liquore
560 1233 653 1260 una
684 1215 1038 1271 cohaerescunt,
1071 1216 1112 1261 8c
1147 1216 1354 1260 celeriter
1395 1215 1482 1260 hu-

217 1307 351 1339 more
390 1290 580 1335 duratae
621 1289 908 1344 solidantur,
962 1304 1120 1348 neque
1168 1306 1238 1333 eas
1278 1285 1480 1343 flufflus,

218 1379 377 1423 neque
413 1361 481 1407 vis
515 1378 663 1421 aquae
695 1360 844 1421 potest
884 1359 1133 1405 dissolvere.
1174 1359 1375 1406 Ardores
1407 1378 1481 1405 au-

218 1447 316 1482 tem
338 1433 422 1480 effe
444 1434 492 1478 in
518 1435 585 1478 his
612 1433 749 1489 locis,
785 1434 924 1477 etiam
954 1434 1064 1478 haec
1086 1450 1153 1478 res
1172 1433 1323 1492 potest
1353 1433 1480 1477 indi-

217 1526 318 1556 care
335 1544 348 1565 ⁷
385 1508 518 1568 quod
547 1509 595 1551 in
627 1507 872 1553 montibus
895 1507 1219 1552 Cumanorum
1246 1506 1286 1549 Sc
1306 1505 1478 1550 Baianis

216 1585 324 1630 sunt
357 1584 458 1627 loca
486 1581 809 1626 sudationibus
834 1591 1078 1634 excavata,
1112 1579 1161 1622 in
1187 1578 1361 1638 quibus
1397 1596 1477 1624 va·-

215 1673 305 1719 por
347 1653 549 1699 fervidus
581 1653 638 1697 ab
678 1653 776 1697 imo
806 1651 992 1696 nascens
1028 1651 1142 1713 ignis
1178 1651 1478 1696 vehementia

217 1726 421 1789 perforat
450 1741 551 1769 eam
581 1736 748 1769 terram
768 1759 780 1779 7
816 1739 899 1784 per
932 1739 1131 1783 eamque
1162 1724 1397 1768 manando
1427 1724 1475 1767 in

216 1799 286 1845 his
320 1796 431 1842 locis
468 1796 617 1840 oritur
635 1829 648 1851 ,
684 1795 724 1841 8c
752 1795 811 1840 ita
838 1794 1135 1839 sudationum
1163 1795 1360 1858 egregias
1385 1795 1477 1839 effi-

216 1870 282 1915 cit
309 1868 536 1914 utilitates.
571 1868 685 1912 Non
710 1867 862 1911 minus
882 1866 1019 1911 etiam
1048 1877 1337 1911 memoratur
1356 1901 1367 1922 ,
1396 1882 1476 1910 an-

217 1943 415 2002 tiquitus
435 1941 618 1986 creviffe
650 1941 832 1986 ardores
863 1941 905 1986 8c
933 1939 1231 1985 abundavisse
1265 1940 1348 1985 sub
1377 1940 1474 1986 Ve-

215 2013 347 2059 suvio
367 2027 555 2068 monte,
577 2013 616 2057 86
635 2013 744 2057 inde
775 2011 1024 2058 evomuilse
1043 2012 1159 2057 circa
1188 2028 1318 2074 agros
1342 2012 1474 2057 flam-

217 2104 359 2134 mam.
407 2086 621 2146 Ideoque
664 2102 791 2131 nune
820 2086 902 2146 qui
936 2085 1123 2149 spongia
1165 2086 1255 2135 slve
1293 2104 1473 2146 pumex

219 2159 536 2220 Pompeianus
569 2171 786 2214 vocatur,
829 2156 1046 2204 excocffhis
1087 2176 1145 2204 ex
1185 2160 1274 2204 alio
1307 2177 1474 2222 genere

222 2234 416 2293 lapidis,
460 2234 506 2278 in
542 2234 658 2278 hanc
695 2229 904 2277 reduetus
952 2232 1036 2277 esse
1076 2232 1264 2278 videtur
1295 2233 1472 2296 generis

219 2305 506 2365 qualitatem.
543 2305 595 2350 Id
623 2315 780 2349 autem
805 2320 947 2366 genus
972 2305 1216 2367 spongiae,
1246 2305 1378 2365 quod
1402 2305 1471 2348 in-

221 2375 282 2418 de
318 2376 572 2432 eximitur,
613 2391 711 2420 non
756 2375 805 2419 in
837 2375 1059 2420 omnibus
1094 2377 1204 2420 locis
1245 2375 1469 2430 nascitur,

219 2447 302 2492 nifi
326 2449 502 2493 circum
533 2448 731 2494 Aetnam
757 2447 798 2494 Sc
839 2448 1038 2493 collibus
1077 2448 1249 2510 Mysiae
1270 2481 1283 2502 ‚
1321 2447 1403 2506 qui
1444 2464 1469 2491 a

221 2518 402 2566 Graecis
448 2521 778 2576 κατακεκαυμένα
821 2521 1151 2579 nominantur,
1200 2520 1242 2567 8c
1276 2520 1308 2563 fi
1347 2536 1469 2579 quae
