<?xml version="1.0" encoding="UTF-8"?>
<!DOCTYPE html PUBLIC "-//W3C//DTD XHTML 1.0 Transitional//EN"
    "http://www.w3.org/TR/xhtml1/DTD/xhtml1-transitional.dtd">
<html xmlns="http://www.w3.org/1999/xhtml" xml:lang="en" lang="en">
 <head>
  <title>
</title>
<meta http-equiv="Content-Type" content="text/html;charset=utf-8" />
  <meta name='ocr-system' content='tesseract 3.04.00' />
  <meta name='ocr-capabilities' content='ocr_page ocr_carea ocr_par ocr_line ocrx_word'/>
</head>
<body>
  <div class='ocr_page' id='page_1' title='image "./mvitruviipollion00vitr/mvitruviipollion00vitr_0246.png"; bbox 0 0 1600 2902; ppageno 0'>
   <div class='ocr_carea' id='block_1_1' title="bbox 201 178 1210 233">
    <p class='ocr_par' dir='ltr' id='par_1_1' title="bbox 201 178 1210 233">
     <span class='ocr_line' id='line_1_1' title="bbox 201 178 1210 233; baseline 0 -2"><span class='ocrx_word' id='word_1_1' title='bbox 201 183 289 233; x_wconf 81' lang='lat'>180</span> <span class='ocrx_word' id='word_1_2' title='bbox 446 182 511 227; x_wconf 85' lang='lat' dir='ltr'>M.</span> <span class='ocrx_word' id='word_1_3' title='bbox 550 178 841 228; x_wconf 86' lang='lat' dir='ltr'>VITRUVII</span> <span class='ocrx_word' id='word_1_4' title='bbox 873 181 1210 232; x_wconf 85' lang='lat' dir='ltr'>POLLIONIS</span> 
     </span>
    </p>
   </div>
   <div class='ocr_carea' id='block_1_2' title="bbox 176 288 1452 2527">
    <p class='ocr_par' dir='ltr' id='par_1_2' title="bbox 176 288 1452 2527">
     <span class='ocr_line' id='line_1_2' title="bbox 190 288 1448 354; baseline 0.001 -17"><span class='ocrx_word' id='word_1_5' title='bbox 190 292 334 337; x_wconf 78' lang='lat' dir='ltr'>nuari.</span> <span class='ocrx_word' id='word_1_6' title='bbox 383 288 728 354; x_wconf 81' lang='lat' dir='ltr'>Magnitudines</span> <span class='ocrx_word' id='word_1_7' title='bbox 753 301 912 334; x_wconf 86' lang='lat' dir='ltr'>autern</span> <span class='ocrx_word' id='word_1_8' title='bbox 938 306 1095 336; x_wconf 82' lang='lat' dir='ltr'>earum</span> <span class='ocrx_word' id='word_1_9' title='bbox 1127 293 1186 337; x_wconf 83' lang='lat' dir='ltr'>ad</span> <span class='ocrx_word' id='word_1_10' title='bbox 1210 288 1448 338; x_wconf 62' lang='lat' dir='ltr'>fruffluum</span> 
     </span>
     <span class='ocr_line' id='line_1_3' title="bbox 194 363 1452 419; baseline -0.001 -8"><span class='ocrx_word' id='word_1_11' title='bbox 194 366 455 419; x_wconf 81' lang='lat' dir='ltr'>rationem,</span> <span class='ocrx_word' id='word_1_12' title='bbox 504 363 544 408; x_wconf 84' lang='lat' dir='ltr'>8c</span> <span class='ocrx_word' id='word_1_13' title='bbox 578 378 834 408; x_wconf 83' lang='lat' dir='ltr'>numerum</span> <span class='ocrx_word' id='word_1_14' title='bbox 874 363 1112 410; x_wconf 84' lang='lat' dir='ltr'>doliorum</span> <span class='ocrx_word' id='word_1_15' title='bbox 1148 366 1252 412; x_wconf 89' lang='lat' dir='ltr'>sunt</span> <span class='ocrx_word' id='word_1_16' title='bbox 1282 367 1452 412; x_wconf 65' lang='lat' dir='ltr'>faciem</span> 
     </span>
     <span class='ocr_line' id='line_1_4' title="bbox 187 437 1451 498; baseline 0.002 -15"><span class='ocrx_word' id='word_1_17' title='bbox 187 440 297 494; x_wconf 76' lang='lat' dir='ltr'>dae,</span> <span class='ocrx_word' id='word_1_18' title='bbox 345 454 466 498; x_wconf 82' lang='lat' dir='ltr'>quae</span> <span class='ocrx_word' id='word_1_19' title='bbox 496 454 607 482; x_wconf 87' lang='lat' dir='ltr'>cum</span> <span class='ocrx_word' id='word_1_20' title='bbox 638 437 724 482; x_wconf 88' lang='lat' dir='ltr'>fint</span> <span class='ocrx_word' id='word_1_21' title='bbox 755 437 997 492; x_wconf 76' lang='lat' dir='ltr'>culleaiia,</span> <span class='ocrx_word' id='word_1_22' title='bbox 1026 454 1109 497; x_wconf 87' lang='lat' dir='ltr'>pet</span> <span class='ocrx_word' id='word_1_23' title='bbox 1131 439 1341 484; x_wconf 84' lang='lat' dir='ltr'>medium</span> <span class='ocrx_word' id='word_1_24' title='bbox 1374 456 1451 485; x_wconf 87' lang='lat' dir='ltr'>oc-</span> 
     </span>
     <span class='ocr_line' id='line_1_5' title="bbox 186 511 1449 573; baseline 0.001 -15"><span class='ocrx_word' id='word_1_25' title='bbox 186 529 356 573; x_wconf 79' lang='lat' dir='ltr'>cupare</span> <span class='ocrx_word' id='word_1_26' title='bbox 395 513 570 557; x_wconf 85' lang='lat' dir='ltr'>debent</span> <span class='ocrx_word' id='word_1_27' title='bbox 604 511 745 572; x_wconf 86' lang='lat' dir='ltr'>pedes</span> <span class='ocrx_word' id='word_1_28' title='bbox 779 523 1041 571; x_wconf 73' lang='lat' dir='ltr'>quaternos.</span> <span class='ocrx_word' id='word_1_29' title='bbox 1119 512 1273 572; x_wconf 83' lang='lat' dir='ltr'>Ipsum</span> <span class='ocrx_word' id='word_1_30' title='bbox 1289 523 1449 559; x_wconf 79' lang='lat' dir='ltr'>autem</span> 
     </span>
     <span class='ocr_line' id='line_1_6' title="bbox 183 584 1447 643; baseline 0.002 -13"><span class='ocrx_word' id='word_1_31' title='bbox 183 588 407 641; x_wconf 78' lang='lat' dir='ltr'><strong>torcular,</strong></span> <span class='ocrx_word' id='word_1_32' title='bbox 460 586 489 629; x_wconf 86' lang='lat' dir='ltr'>sl</span> <span class='ocrx_word' id='word_1_33' title='bbox 520 601 615 630; x_wconf 88' lang='lat' dir='ltr'>non</span> <span class='ocrx_word' id='word_1_34' title='bbox 651 585 847 630; x_wconf 76' lang='lat' dir='ltr'>cochleis</span> <span class='ocrx_word' id='word_1_35' title='bbox 885 596 1157 643; x_wconf 79' lang='lat' dir='ltr'>torquetur,</span> <span class='ocrx_word' id='word_1_36' title='bbox 1193 585 1271 631; x_wconf 80' lang='lat' dir='ltr'>sed</span> <span class='ocrx_word' id='word_1_37' title='bbox 1306 584 1447 632; x_wconf 62' lang='lat' dir='ltr'>vessi-</span> 
     </span>
     <span class='ocr_line' id='line_1_7' title="bbox 184 658 1443 722; baseline 0.002 -18"><span class='ocrx_word' id='word_1_38' title='bbox 184 660 273 705; x_wconf 88' lang='lat' dir='ltr'>bus</span> <span class='ocrx_word' id='word_1_39' title='bbox 303 661 343 706; x_wconf 83' lang='lat' dir='ltr'>8c</span> <span class='ocrx_word' id='word_1_40' title='bbox 372 661 503 720; x_wconf 85' lang='lat' dir='ltr'>prelo</span> <span class='ocrx_word' id='word_1_41' title='bbox 537 658 792 719; x_wconf 82' lang='lat' dir='ltr'>premitur,</span> <span class='ocrx_word' id='word_1_42' title='bbox 834 674 894 703; x_wconf 89' lang='lat' dir='ltr'>ne</span> <span class='ocrx_word' id='word_1_43' title='bbox 938 659 1090 703; x_wconf 84' lang='lat' dir='ltr'>minus</span> <span class='ocrx_word' id='word_1_44' title='bbox 1132 660 1325 722; x_wconf 80' lang='lat' dir='ltr'>longum</span> <span class='ocrx_word' id='word_1_45' title='bbox 1358 677 1443 721; x_wconf 89' lang='lat' dir='ltr'>pe-</span> 
     </span>
     <span class='ocr_line' id='line_1_8' title="bbox 184 730 1447 793; baseline 0.001 -17"><span class='ocrx_word' id='word_1_46' title='bbox 184 731 265 776; x_wconf 86' lang='lat' dir='ltr'>des</span> <span class='ocrx_word' id='word_1_47' title='bbox 295 731 599 793; x_wconf 76' lang='lat' dir='ltr'>quadraginta</span> <span class='ocrx_word' id='word_1_48' title='bbox 630 730 963 783; x_wconf 79' lang='lat' dir='ltr'>constituatur3</span> <span class='ocrx_word' id='word_1_49' title='bbox 1004 730 1065 774; x_wconf 88' lang='lat' dir='ltr'>ita</span> <span class='ocrx_word' id='word_1_50' title='bbox 1097 731 1221 775; x_wconf 85' lang='lat' dir='ltr'>enim</span> <span class='ocrx_word' id='word_1_51' title='bbox 1255 732 1340 776; x_wconf 87' lang='lat' dir='ltr'>erit</span> <span class='ocrx_word' id='word_1_52' title='bbox 1366 749 1447 777; x_wconf 53' lang='lat' dir='ltr'>ve*</span> 
     </span>
     <span class='ocr_line' id='line_1_9' title="bbox 178 800 1450 863; baseline -0.001 -15"><span class='ocrx_word' id='word_1_53' title='bbox 178 800 334 848; x_wconf 62' lang='lat' dir='ltr'>{liano</span> <span class='ocrx_word' id='word_1_54' title='bbox 365 802 565 863; x_wconf 78' lang='lat' dir='ltr'>spatium</span> <span class='ocrx_word' id='word_1_55' title='bbox 589 801 864 862; x_wconf 76' lang='lat' dir='ltr'>expeditum</span> <span class='ocrx_word' id='word_1_56' title='bbox 885 821 893 845; x_wconf 90' lang='lat'>:</span> <span class='ocrx_word' id='word_1_57' title='bbox 941 800 1141 845; x_wconf 76' lang='lat' dir='ltr'>latitudo</span> <span class='ocrx_word' id='word_1_58' title='bbox 1167 802 1261 847; x_wconf 82' lang='lat' dir='ltr'>eius</span> <span class='ocrx_word' id='word_1_59' title='bbox 1286 819 1345 847; x_wconf 85' lang='lat' dir='ltr'>ne</span> <span class='ocrx_word' id='word_1_60' title='bbox 1369 804 1450 847; x_wconf 85' lang='lat' dir='ltr'>mi-</span> 
     </span>
     <span class='ocr_line' id='line_1_10' title="bbox 182 871 1444 934; baseline -0.002 -15"><span class='ocrx_word' id='word_1_61' title='bbox 182 891 271 919; x_wconf 78' lang='lat' dir='ltr'>nus</span> <span class='ocrx_word' id='word_1_62' title='bbox 296 875 475 934; x_wconf 85' lang='lat' dir='ltr'>pedum</span> <span class='ocrx_word' id='word_1_63' title='bbox 506 873 851 918; x_wconf 87' lang='lat' dir='ltr'>senumdenum</span> <span class='ocrx_word' id='word_1_64' title='bbox 872 889 884 925; x_wconf 64' lang='lat'>&gt;3</span> <span class='ocrx_word' id='word_1_65' title='bbox 916 887 1023 916; x_wconf 78' lang='lat' dir='ltr'>nam</span> <span class='ocrx_word' id='word_1_66' title='bbox 1052 871 1110 917; x_wconf 87' lang='lat' dir='ltr'>fic</span> <span class='ocrx_word' id='word_1_67' title='bbox 1146 873 1230 918; x_wconf 81' lang='lat' dir='ltr'>erit</span> <span class='ocrx_word' id='word_1_68' title='bbox 1260 872 1317 917; x_wconf 82' lang='lat' dir='ltr'>ad</span> <span class='ocrx_word' id='word_1_69' title='bbox 1341 874 1444 932; x_wconf 90' lang='lat' dir='ltr'>ple-</span> 
     </span>
     <span class='ocr_line' id='line_1_11' title="bbox 181 943 1442 1007; baseline -0.002 -15"><span class='ocrx_word' id='word_1_70' title='bbox 181 963 302 992; x_wconf 87' lang='lat' dir='ltr'>num</span> <span class='ocrx_word' id='word_1_71' title='bbox 331 964 450 1007; x_wconf 81' lang='lat' dir='ltr'>opus</span> <span class='ocrx_word' id='word_1_72' title='bbox 477 946 753 992; x_wconf 74' lang='lat' dir='ltr'>facientibus</span> <span class='ocrx_word' id='word_1_73' title='bbox 785 945 926 989; x_wconf 79' lang='lat' dir='ltr'>libera</span> <span class='ocrx_word' id='word_1_74' title='bbox 960 943 1151 989; x_wconf 82' lang='lat' dir='ltr'>versatio</span> <span class='ocrx_word' id='word_1_75' title='bbox 1178 944 1218 988; x_wconf 71' lang='lat' dir='ltr'>Sc</span> <span class='ocrx_word' id='word_1_76' title='bbox 1248 945 1442 1004; x_wconf 77' lang='lat' dir='ltr'>expedi-</span> 
     </span>
     <span class='ocr_line' id='line_1_12' title="bbox 177 1016 1440 1078; baseline -0.004 -11"><span class='ocrx_word' id='word_1_77' title='bbox 177 1033 238 1067; x_wconf 79' lang='lat' dir='ltr'>ta.</span> <span class='ocrx_word' id='word_1_78' title='bbox 281 1022 362 1066; x_wconf 86' lang='lat' dir='ltr'>Sin</span> <span class='ocrx_word' id='word_1_79' title='bbox 396 1032 551 1066; x_wconf 78' lang='lat' dir='ltr'>autem</span> <span class='ocrx_word' id='word_1_80' title='bbox 585 1018 771 1064; x_wconf 81' lang='lat' dir='ltr'>duobus</span> <span class='ocrx_word' id='word_1_81' title='bbox 801 1018 938 1078; x_wconf 78' lang='lat' dir='ltr'>prelis</span> <span class='ocrx_word' id='word_1_82' title='bbox 970 1018 1072 1062; x_wconf 92' lang='lat' dir='ltr'>loco</span> <span class='ocrx_word' id='word_1_83' title='bbox 1112 1034 1229 1077; x_wconf 91' lang='lat' dir='ltr'>opus</span> <span class='ocrx_word' id='word_1_84' title='bbox 1268 1016 1440 1073; x_wconf 85' lang='lat' dir='ltr'>fuerit,</span> 
     </span>
     <span class='ocr_line' id='line_1_13' title="bbox 177 1088 1442 1154; baseline -0.005 -15"><span class='ocrx_word' id='word_1_85' title='bbox 177 1104 387 1153; x_wconf 78' lang='lat' dir='ltr'>quatuor</span> <span class='ocrx_word' id='word_1_86' title='bbox 412 1094 451 1139; x_wconf 57' lang='grc' dir='ltr'>ἵε</span> <span class='ocrx_word' id='word_1_87' title='bbox 484 1093 645 1154; x_wconf 74' lang='lat' dir='ltr'>viginti</span> <span class='ocrx_word' id='word_1_88' title='bbox 677 1090 816 1150; x_wconf 78' lang='lat' dir='ltr'>pedes</span> <span class='ocrx_word' id='word_1_89' title='bbox 839 1089 1074 1134; x_wconf 83' lang='lat' dir='ltr'>latitudini</span> <span class='ocrx_word' id='word_1_90' title='bbox 1102 1088 1282 1133; x_wconf 85' lang='lat' dir='ltr'>dentur.</span> <span class='ocrx_word' id='word_1_91' title='bbox 1325 1089 1442 1133; x_wconf 84' lang='lat' dir='ltr'>Ovi-</span> 
     </span>
     <span class='ocr_line' id='line_1_14' title="bbox 176 1159 1440 1224; baseline -0.004 -16"><span class='ocrx_word' id='word_1_92' title='bbox 176 1165 235 1209; x_wconf 71' lang='lat' dir='ltr'>lia</span> <span class='ocrx_word' id='word_1_93' title='bbox 272 1166 311 1208; x_wconf 58' lang='grc' dir='ltr'>δέ</span> <span class='ocrx_word' id='word_1_94' title='bbox 340 1163 524 1224; x_wconf 76' lang='lat' dir='ltr'>caprilia</span> <span class='ocrx_word' id='word_1_95' title='bbox 555 1164 616 1206; x_wconf 78' lang='lat' dir='ltr'>ita</span> <span class='ocrx_word' id='word_1_96' title='bbox 645 1177 809 1223; x_wconf 75' lang='lat' dir='ltr'>magna</span> <span class='ocrx_word' id='word_1_97' title='bbox 841 1161 948 1205; x_wconf 81' lang='lat' dir='ltr'>sunt</span> <span class='ocrx_word' id='word_1_98' title='bbox 974 1159 1180 1203; x_wconf 77' lang='lat' dir='ltr'>facienda</span> <span class='ocrx_word' id='word_1_99' title='bbox 1201 1192 1214 1214; x_wconf 95' lang='lat'>,</span> <span class='ocrx_word' id='word_1_100' title='bbox 1257 1169 1310 1203; x_wconf 85' lang='lat' dir='ltr'>ut</span> <span class='ocrx_word' id='word_1_101' title='bbox 1350 1159 1440 1203; x_wconf 87' lang='lat' dir='ltr'>fin-</span> 
     </span>
     <span class='ocr_line' id='line_1_15' title="bbox 177 1230 1443 1298; baseline -0.003 -18"><span class='ocrx_word' id='word_1_102' title='bbox 177 1237 284 1298; x_wconf 73' lang='lat' dir='ltr'>gula</span> <span class='ocrx_word' id='word_1_103' title='bbox 313 1251 478 1295; x_wconf 73' lang='lat' dir='ltr'>pecora</span> <span class='ocrx_word' id='word_1_104' title='bbox 515 1250 642 1279; x_wconf 64' lang='lat' dir='ltr'>areae</span> <span class='ocrx_word' id='word_1_105' title='bbox 673 1247 732 1277; x_wconf 83' lang='lat' dir='ltr'>ne</span> <span class='ocrx_word' id='word_1_106' title='bbox 763 1232 920 1277; x_wconf 76' lang='lat' dir='ltr'>minus</span> <span class='ocrx_word' id='word_1_107' title='bbox 953 1230 1094 1290; x_wconf 81' lang='lat' dir='ltr'>pedes</span> <span class='ocrx_word' id='word_1_108' title='bbox 1123 1242 1372 1290; x_wconf 74' lang='lat' dir='ltr'>quaternos</span> <span class='ocrx_word' id='word_1_109' title='bbox 1402 1232 1443 1276; x_wconf 68' lang='lat' dir='ltr'>Sc</span> 
     </span>
     <span class='ocr_line' id='line_1_16' title="bbox 176 1303 1440 1366; baseline -0.003 -14"><span class='ocrx_word' id='word_1_110' title='bbox 176 1306 492 1366; x_wconf 77' lang='lat' dir='ltr'>semipedem,</span> <span class='ocrx_word' id='word_1_111' title='bbox 524 1322 582 1349; x_wconf 86' lang='lat' dir='ltr'>ne</span> <span class='ocrx_word' id='word_1_112' title='bbox 610 1306 712 1364; x_wconf 82' lang='lat' dir='ltr'>plus</span> <span class='ocrx_word' id='word_1_113' title='bbox 743 1303 872 1348; x_wconf 84' lang='lat' dir='ltr'>senos</span> <span class='ocrx_word' id='word_1_114' title='bbox 900 1303 1065 1363; x_wconf 69' lang='lat' dir='ltr'>possint</span> <span class='ocrx_word' id='word_1_115' title='bbox 1099 1303 1281 1348; x_wconf 80' lang='lat' dir='ltr'>habere.</span> <span class='ocrx_word' id='word_1_116' title='bbox 1330 1303 1440 1349; x_wconf 79' lang='lat' dir='ltr'>Gra-</span> 
     </span>
     <span class='ocr_line' id='line_1_17' title="bbox 178 1378 1439 1437; baseline -0.003 -12"><span class='ocrx_word' id='word_1_117' title='bbox 178 1381 302 1426; x_wconf 75' lang='lat' dir='ltr'>naria</span> <span class='ocrx_word' id='word_1_118' title='bbox 323 1380 563 1425; x_wconf 72' lang='lat' dir='ltr'>sublimata</span> <span class='ocrx_word' id='word_1_119' title='bbox 579 1414 589 1434; x_wconf 81' lang='lat'>,</span> <span class='ocrx_word' id='word_1_120' title='bbox 614 1378 653 1423; x_wconf 69' lang='lat'>8&lt;</span> <span class='ocrx_word' id='word_1_121' title='bbox 678 1378 736 1422; x_wconf 80' lang='lat' dir='ltr'>ad</span> <span class='ocrx_word' id='word_1_122' title='bbox 765 1378 1148 1437; x_wconf 78' lang='lat' dir='ltr'>septemtrionem</span> <span class='ocrx_word' id='word_1_123' title='bbox 1165 1412 1176 1433; x_wconf 89' lang='lat'>‚</span> <span class='ocrx_word' id='word_1_124' title='bbox 1200 1389 1280 1422; x_wconf 84' lang='lat' dir='ltr'>aut</span> <span class='ocrx_word' id='word_1_125' title='bbox 1304 1380 1439 1437; x_wconf 73' lang='lat' dir='ltr'>aqui-</span> 
     </span>
     <span class='ocr_line' id='line_1_18' title="bbox 180 1450 1440 1513; baseline -0.002 -16"><span class='ocrx_word' id='word_1_126' title='bbox 180 1455 342 1498; x_wconf 86' lang='lat' dir='ltr'>Ionem</span> <span class='ocrx_word' id='word_1_127' title='bbox 364 1451 612 1513; x_wconf 55' lang='lat' dir='ltr'>spefhmtia</span> <span class='ocrx_word' id='word_1_128' title='bbox 637 1453 964 1511; x_wconf 76' lang='lat' dir='ltr'>disponantur3</span> <span class='ocrx_word' id='word_1_129' title='bbox 996 1451 1057 1494; x_wconf 76' lang='lat' dir='ltr'>ita</span> <span class='ocrx_word' id='word_1_130' title='bbox 1084 1451 1209 1494; x_wconf 88' lang='lat' dir='ltr'>enim</span> <span class='ocrx_word' id='word_1_131' title='bbox 1239 1450 1440 1495; x_wconf 72' lang='lat' dir='ltr'>frumen-</span> 
     </span>
     <span class='ocr_line' id='line_1_19' title="bbox 179 1523 1436 1584; baseline 0 -14"><span class='ocrx_word' id='word_1_132' title='bbox 179 1536 225 1571; x_wconf 80' lang='lat' dir='ltr'>ta</span> <span class='ocrx_word' id='word_1_133' title='bbox 254 1541 351 1570; x_wconf 86' lang='lat' dir='ltr'>non</span> <span class='ocrx_word' id='word_1_134' title='bbox 385 1537 612 1584; x_wconf 81' lang='lat' dir='ltr'>poterunt</span> <span class='ocrx_word' id='word_1_135' title='bbox 649 1525 741 1568; x_wconf 90' lang='lat' dir='ltr'>cito</span> <span class='ocrx_word' id='word_1_136' title='bbox 781 1523 1122 1578; x_wconf 75' lang='lat' dir='ltr'>concalescere,</span> <span class='ocrx_word' id='word_1_137' title='bbox 1167 1523 1244 1567; x_wconf 79' lang='lat' dir='ltr'>sed</span> <span class='ocrx_word' id='word_1_138' title='bbox 1282 1525 1436 1570; x_wconf 74' lang='lat' dir='ltr'>afflatu</span> 
     </span>
     <span class='ocr_line' id='line_1_20' title="bbox 178 1596 1434 1659; baseline -0.002 -17"><span class='ocrx_word' id='word_1_139' title='bbox 178 1596 440 1659; x_wconf 79' lang='lat' dir='ltr'>refrigerata</span> <span class='ocrx_word' id='word_1_140' title='bbox 479 1596 562 1641; x_wconf 88' lang='lat' dir='ltr'>diu</span> <span class='ocrx_word' id='word_1_141' title='bbox 604 1596 865 1641; x_wconf 84' lang='lat' dir='ltr'>servantur:</span> <span class='ocrx_word' id='word_1_142' title='bbox 911 1610 1117 1654; x_wconf 86' lang='lat' dir='ltr'>namque</span> <span class='ocrx_word' id='word_1_143' title='bbox 1149 1604 1325 1639; x_wconf 81' lang='lat' dir='ltr'>ceterae</span> <span class='ocrx_word' id='word_1_144' title='bbox 1361 1612 1434 1640; x_wconf 86' lang='lat' dir='ltr'>re-</span> 
     </span>
     <span class='ocr_line' id='line_1_21' title="bbox 178 1665 1436 1730; baseline 0.001 -20"><span class='ocrx_word' id='word_1_145' title='bbox 178 1668 337 1730; x_wconf 77' lang='lat' dir='ltr'>giones</span> <span class='ocrx_word' id='word_1_146' title='bbox 380 1678 627 1728; x_wconf 81' lang='lat' dir='ltr'>procreant</span> <span class='ocrx_word' id='word_1_147' title='bbox 657 1666 978 1711; x_wconf 86' lang='lat' dir='ltr'>curculionem</span> <span class='ocrx_word' id='word_1_148' title='bbox 1001 1699 1013 1720; x_wconf 82' lang='lat'>,</span> <span class='ocrx_word' id='word_1_149' title='bbox 1052 1666 1093 1711; x_wconf 74' lang='lat'>8&lt;</span> <span class='ocrx_word' id='word_1_150' title='bbox 1125 1665 1323 1724; x_wconf 84' lang='lat' dir='ltr'>reliquas</span> <span class='ocrx_word' id='word_1_151' title='bbox 1355 1666 1436 1711; x_wconf 88' lang='lat' dir='ltr'>be-</span> 
     </span>
     <span class='ocr_line' id='line_1_22' title="bbox 181 1739 1435 1800; baseline -0.002 -15"><span class='ocrx_word' id='word_1_152' title='bbox 181 1740 330 1785; x_wconf 77' lang='lat' dir='ltr'>stiolas</span> <span class='ocrx_word' id='word_1_153' title='bbox 353 1774 365 1796; x_wconf 92' lang='lat'>,</span> <span class='ocrx_word' id='word_1_154' title='bbox 405 1753 527 1800; x_wconf 75' lang='lat' dir='ltr'>quae</span> <span class='ocrx_word' id='word_1_155' title='bbox 563 1740 807 1784; x_wconf 84' lang='lat' dir='ltr'>frumentis</span> <span class='ocrx_word' id='word_1_156' title='bbox 842 1739 991 1784; x_wconf 86' lang='lat' dir='ltr'>solent</span> <span class='ocrx_word' id='word_1_157' title='bbox 1024 1755 1204 1784; x_wconf 86' lang='lat' dir='ltr'>nocere.</span> <span class='ocrx_word' id='word_1_158' title='bbox 1252 1740 1435 1798; x_wconf 72' lang='lat' dir='ltr'>Equiti-</span> 
     </span>
     <span class='ocr_line' id='line_1_23' title="bbox 178 1810 1433 1871; baseline -0.004 -12"><span class='ocrx_word' id='word_1_159' title='bbox 178 1814 270 1859; x_wconf 82' lang='lat' dir='ltr'>bus</span> <span class='ocrx_word' id='word_1_160' title='bbox 287 1847 299 1869; x_wconf 88' lang='lat'>,</span> <span class='ocrx_word' id='word_1_161' title='bbox 326 1827 446 1871; x_wconf 76' lang='lat' dir='ltr'>quae</span> <span class='ocrx_word' id='word_1_162' title='bbox 471 1810 673 1856; x_wconf 76' lang='lat' dir='ltr'>maxime</span> <span class='ocrx_word' id='word_1_163' title='bbox 700 1812 748 1855; x_wconf 86' lang='lat' dir='ltr'>in</span> <span class='ocrx_word' id='word_1_164' title='bbox 780 1812 884 1855; x_wconf 81' lang='lat' dir='ltr'>villa</span> <span class='ocrx_word' id='word_1_165' title='bbox 910 1811 1013 1854; x_wconf 80' lang='lat' dir='ltr'>loca</span> <span class='ocrx_word' id='word_1_166' title='bbox 1047 1810 1306 1855; x_wconf 78' lang='lat' dir='ltr'>calidiffima</span> <span class='ocrx_word' id='word_1_167' title='bbox 1330 1810 1433 1854; x_wconf 85' lang='lat' dir='ltr'>fue-</span> 
     </span>
     <span class='ocr_line' id='line_1_24' title="bbox 180 1879 1430 1941; baseline -0.003 -11"><span class='ocrx_word' id='word_1_168' title='bbox 180 1886 298 1940; x_wconf 86' lang='lat' dir='ltr'>rint,</span> <span class='ocrx_word' id='word_1_169' title='bbox 320 1884 679 1939; x_wconf 78' lang='lat' dir='ltr'>constituantur,</span> <span class='ocrx_word' id='word_1_170' title='bbox 706 1883 821 1928; x_wconf 87' lang='lat' dir='ltr'>dum</span> <span class='ocrx_word' id='word_1_171' title='bbox 852 1899 911 1927; x_wconf 90' lang='lat' dir='ltr'>ne</span> <span class='ocrx_word' id='word_1_172' title='bbox 936 1882 993 1926; x_wconf 82' lang='lat' dir='ltr'>ad</span> <span class='ocrx_word' id='word_1_173' title='bbox 1022 1882 1179 1926; x_wconf 86' lang='lat' dir='ltr'>focum</span> <span class='ocrx_word' id='word_1_174' title='bbox 1200 1879 1430 1941; x_wconf 66' lang='lat' dir='ltr'>spefflent:</span> 
     </span>
     <span class='ocr_line' id='line_1_25' title="bbox 180 1955 1429 2018; baseline -0.004 -14"><span class='ocrx_word' id='word_1_175' title='bbox 180 1975 290 2004; x_wconf 90' lang='lat' dir='ltr'>cum</span> <span class='ocrx_word' id='word_1_176' title='bbox 321 1959 446 2003; x_wconf 85' lang='lat' dir='ltr'>enirn</span> <span class='ocrx_word' id='word_1_177' title='bbox 477 1958 681 2002; x_wconf 77' lang='lat' dir='ltr'>iumenta</span> <span class='ocrx_word' id='word_1_178' title='bbox 707 1957 922 2017; x_wconf 73' lang='lat' dir='ltr'>proxime</span> <span class='ocrx_word' id='word_1_179' title='bbox 945 1957 1102 2018; x_wconf 78' lang='lat' dir='ltr'>ignem</span> <span class='ocrx_word' id='word_1_180' title='bbox 1126 1955 1429 2012; x_wconf 71' lang='lat' dir='ltr'>stabulantur,</span> 
     </span>
     <span class='ocr_line' id='line_1_26' title="bbox 181 2028 1429 2089; baseline -0.003 -12"><span class='ocrx_word' id='word_1_181' title='bbox 181 2033 367 2078; x_wconf 79' lang='lat' dir='ltr'>horrida</span> <span class='ocrx_word' id='word_1_182' title='bbox 392 2033 525 2076; x_wconf 86' lang='lat' dir='ltr'>fiunt.</span> <span class='ocrx_word' id='word_1_183' title='bbox 565 2031 683 2076; x_wconf 83' lang='lat' dir='ltr'>Item</span> <span class='ocrx_word' id='word_1_184' title='bbox 716 2048 815 2076; x_wconf 87' lang='lat' dir='ltr'>non</span> <span class='ocrx_word' id='word_1_185' title='bbox 842 2031 950 2075; x_wconf 84' lang='lat' dir='ltr'>sunt</span> <span class='ocrx_word' id='word_1_186' title='bbox 976 2029 1156 2074; x_wconf 74' lang='lat' dir='ltr'>inutilia</span> <span class='ocrx_word' id='word_1_187' title='bbox 1184 2028 1429 2089; x_wconf 75' lang='lat' dir='ltr'>praesepia,</span> 
     </span>
     <span class='ocr_line' id='line_1_27' title="bbox 180 2100 1432 2164; baseline -0.003 -16"><span class='ocrx_word' id='word_1_188' title='bbox 180 2121 301 2164; x_wconf 71' lang='lat' dir='ltr'>quae</span> <span class='ocrx_word' id='word_1_189' title='bbox 334 2104 621 2147; x_wconf 77' lang='lat' dir='ltr'>collocantur</span> <span class='ocrx_word' id='word_1_190' title='bbox 650 2115 775 2146; x_wconf 75' lang='lat' dir='ltr'>extra</span> <span class='ocrx_word' id='word_1_191' title='bbox 806 2103 1009 2146; x_wconf 74' lang='lat' dir='ltr'>culinam</span> <span class='ocrx_word' id='word_1_192' title='bbox 1043 2100 1089 2144; x_wconf 87' lang='lat' dir='ltr'>in</span> <span class='ocrx_word' id='word_1_193' title='bbox 1121 2110 1283 2160; x_wconf 80' lang='lat' dir='ltr'>aperto</span> <span class='ocrx_word' id='word_1_194' title='bbox 1317 2116 1432 2145; x_wconf 86' lang='lat' dir='ltr'>con-</span> 
     </span>
     <span class='ocr_line' id='line_1_28' title="bbox 179 2172 1430 2220; baseline -0.002 0"><span class='ocrx_word' id='word_1_195' title='bbox 179 2186 245 2220; x_wconf 78' lang='lat' dir='ltr'>tra</span> <span class='ocrx_word' id='word_1_196' title='bbox 277 2174 502 2219; x_wconf 72' lang='lat' dir='ltr'>orientem</span> <span class='ocrx_word' id='word_1_197' title='bbox 528 2193 536 2217; x_wconf 90' lang='lat'><strong>:</strong></span> <span class='ocrx_word' id='word_1_198' title='bbox 576 2190 685 2218; x_wconf 89' lang='lat' dir='ltr'>curn</span> <span class='ocrx_word' id='word_1_199' title='bbox 708 2175 832 2218; x_wconf 89' lang='lat' dir='ltr'>enim</span> <span class='ocrx_word' id='word_1_200' title='bbox 868 2174 915 2217; x_wconf 88' lang='lat' dir='ltr'>in</span> <span class='ocrx_word' id='word_1_201' title='bbox 943 2173 1096 2217; x_wconf 86' lang='lat' dir='ltr'>hieme</span> <span class='ocrx_word' id='word_1_202' title='bbox 1125 2172 1235 2217; x_wconf 85' lang='lat' dir='ltr'>anni</span> <span class='ocrx_word' id='word_1_203' title='bbox 1270 2172 1430 2217; x_wconf 85' lang='lat' dir='ltr'>sereno</span> 
     </span>
     <span class='ocr_line' id='line_1_29' title="bbox 178 2246 1426 2303; baseline -0.001 -11"><span class='ocrx_word' id='word_1_204' title='bbox 178 2249 312 2292; x_wconf 88' lang='lat' dir='ltr'>coelo</span> <span class='ocrx_word' id='word_1_205' title='bbox 354 2248 400 2291; x_wconf 86' lang='lat' dir='ltr'>in</span> <span class='ocrx_word' id='word_1_206' title='bbox 439 2264 489 2291; x_wconf 78' lang='lat' dir='ltr'>ea</span> <span class='ocrx_word' id='word_1_207' title='bbox 527 2247 872 2303; x_wconf 81' lang='lat' dir='ltr'>traducuntur,</span> <span class='ocrx_word' id='word_1_208' title='bbox 915 2248 1147 2291; x_wconf 81' lang='lat' dir='ltr'>matutino</span> <span class='ocrx_word' id='word_1_209' title='bbox 1191 2246 1333 2292; x_wconf 86' lang='lat' dir='ltr'>boves</span> <span class='ocrx_word' id='word_1_210' title='bbox 1368 2247 1426 2291; x_wconf 79' lang='lat' dir='ltr'>ad</span> 
     </span>
     <span class='ocr_line' id='line_1_30' title="bbox 177 2319 1429 2380; baseline -0.002 -16"><span class='ocrx_word' id='word_1_211' title='bbox 177 2320 321 2364; x_wconf 81' lang='lat' dir='ltr'>solem</span> <span class='ocrx_word' id='word_1_212' title='bbox 351 2321 582 2380; x_wconf 75' lang='lat' dir='ltr'>pabulum</span> <span class='ocrx_word' id='word_1_213' title='bbox 613 2320 870 2378; x_wconf 75' lang='lat' dir='ltr'>capientes,</span> <span class='ocrx_word' id='word_1_214' title='bbox 898 2320 1018 2363; x_wconf 67' lang='lat' dir='ltr'>fiunt</span> <span class='ocrx_word' id='word_1_215' title='bbox 1036 2319 1285 2365; x_wconf 82' lang='lat' dir='ltr'>nitidiores.</span> <span class='ocrx_word' id='word_1_216' title='bbox 1309 2319 1429 2362; x_wconf 84' lang='lat' dir='ltr'>Hor-</span> 
     </span>
     <span class='ocr_line' id='line_1_31' title="bbox 178 2390 1427 2451; baseline -0.002 -15"><span class='ocrx_word' id='word_1_217' title='bbox 178 2409 251 2437; x_wconf 73' lang='lat' dir='ltr'>rea</span> <span class='ocrx_word' id='word_1_218' title='bbox 269 2428 280 2448; x_wconf 89' lang='lat'>,</span> <span class='ocrx_word' id='word_1_219' title='bbox 309 2393 518 2447; x_wconf 74' lang='lat' dir='ltr'>foenilia,</span> <span class='ocrx_word' id='word_1_220' title='bbox 543 2392 718 2437; x_wconf 67' lang='lat' dir='ltr'>farmria</span> <span class='ocrx_word' id='word_1_221' title='bbox 736 2425 749 2447; x_wconf 90' lang='lat'>,</span> <span class='ocrx_word' id='word_1_222' title='bbox 778 2392 960 2451; x_wconf 66' lang='lat' dir='ltr'>pistiina</span> <span class='ocrx_word' id='word_1_223' title='bbox 978 2426 990 2447; x_wconf 84' lang='lat'>,</span> <span class='ocrx_word' id='word_1_224' title='bbox 1023 2403 1148 2436; x_wconf 73' lang='lat' dir='ltr'>extra</span> <span class='ocrx_word' id='word_1_225' title='bbox 1179 2392 1331 2435; x_wconf 79' lang='lat' dir='ltr'>villam</span> <span class='ocrx_word' id='word_1_226' title='bbox 1362 2390 1427 2433; x_wconf 78' lang='lat' dir='ltr'>fa-</span> 
     </span>
     <span class='ocr_line' id='line_1_32' title="bbox 182 2462 1427 2527; baseline -0.003 -19"><span class='ocrx_word' id='word_1_227' title='bbox 182 2466 344 2510; x_wconf 73' lang='lat' dir='ltr'>cienda</span> <span class='ocrx_word' id='word_1_228' title='bbox 374 2464 620 2519; x_wconf 78' lang='lat' dir='ltr'>videntur,</span> <span class='ocrx_word' id='word_1_229' title='bbox 648 2474 700 2510; x_wconf 84' lang='lat' dir='ltr'>ut</span> <span class='ocrx_word' id='word_1_230' title='bbox 726 2464 781 2509; x_wconf 74' lang='lat' dir='ltr'>ab</span> <span class='ocrx_word' id='word_1_231' title='bbox 809 2464 922 2527; x_wconf 78' lang='lat' dir='ltr'>ignis</span> <span class='ocrx_word' id='word_1_232' title='bbox 948 2465 1156 2525; x_wconf 84' lang='lat' dir='ltr'>periculo</span> <span class='ocrx_word' id='word_1_233' title='bbox 1183 2464 1268 2508; x_wconf 84' lang='lat' dir='ltr'>fiut</span> <span class='ocrx_word' id='word_1_234' title='bbox 1293 2462 1427 2507; x_wconf 73' lang='lat' dir='ltr'>villae</span> 
     </span>
    </p>
   </div>
  </div>
 </body>
</html>
