1600 2902
269 249 331 308 36
511 244 581 293 Μ.
618 243 662 290 V
665 242 772 290 ITR
781 243 913 291 UVII
947 245 1288 294 POLLIONIS

267 365 341 399 tus
367 362 620 396 ventorum
658 351 771 396 certi
809 350 994 411 spirent.
1046 353 1197 421 Quod
1222 369 1331 400 cum
1359 354 1421 399 ita
1445 367 1524 399 ex·-

265 427 503 485 ploratum
533 423 788 480 habeatur,
824 435 878 468 ut
912 423 1208 471 inveniantur
1243 427 1452 489 regiones
1480 426 1522 471 Sc

266 508 394 541 ortus
422 512 588 541 eorum
605 529 617 550 ,
644 495 701 539 fic
727 496 811 540 erit
829 495 1213 543 ratiocinandum.
1249 499 1520 544 Collocetut

263 570 323 615 ad
347 569 551 614 libellam
587 585 903 614 marmoreum
937 569 1177 614 amuffium
1208 571 1370 616 mediis
1391 587 1520 615 moe-

263 640 423 694 nibus;
466 650 548 684 aut
582 640 710 683 locus
746 639 807 682 ita
840 639 1106 698 expoliatur
1143 639 1203 683 ad
1238 642 1443 703 regulam
1474 641 1515 684 &c

261 713 500 768 libellam,
533 723 587 757 ut
615 713 857 757 amuffiurn
886 728 985 757 non
1013 712 1320 758 desideretur:
1360 714 1519 772 supra-

262 802 357 844 que
387 785 482 830 eius
504 785 595 829 loci
626 796 843 830 centrum
872 785 1119 841 medium,
1160 786 1413 830 collocetur
1444 802 1519 830 ae-

259 872 376 915 neus
407 872 644 919 gnomon,
685 856 931 919 indagator
960 857 1182 914 umbrae,
1223 857 1307 916 qui
1344 858 1517 902 Graece

257 930 467 986 σκιαθήρας
494 929 675 974 dicitur.
701 929 853 973 Huius
887 929 1302 974 antemeridianam
1340 929 1517 974 circiter

256 1003 421 1047 horam
446 1002 684 1061 quintam,
727 1000 950 1045 sumenda
980 1001 1042 1045 est
1080 1011 1286 1045 extrema
1313 1016 1517 1062 gnomo-

255 1074 326 1120 nis
355 1074 552 1129 umbra,
595 1073 635 1117 Sc
670 1069 847 1132 punClo
883 1073 1127 1136 signanda:
1175 1073 1350 1118 deinde
1384 1072 1514 1117 circi-

255 1163 318 1192 no
364 1142 557 1192 didufflo
597 1145 655 1189 ad
690 1144 951 1205 puncf'tum,
997 1143 1132 1204 quod
1162 1145 1224 1189 est
1264 1143 1512 1206 gnomonis

254 1217 450 1262 umbrae
484 1213 792 1277 longitudinis
827 1213 1038 1276 fignum,
1073 1230 1132 1257 ex
1168 1230 1324 1273 eoque
1355 1231 1380 1258 a
1409 1230 1514 1259 cen-

252 1301 327 1336 tro
361 1286 714 1349 circumagenda
745 1287 864 1331 linea
890 1285 1242 1331 rotundationis.
1294 1287 1512 1346 Itemque

252 1360 541 1406 observanda
580 1359 937 1419 postmeridiana
970 1359 1092 1403 istius
1126 1359 1374 1422 gnomonis
1416 1376 1510 1404 cre-

251 1434 377 1479 scens
418 1431 616 1488 umbra,
652 1431 692 1477 Sc
729 1447 841 1477 cum
875 1432 1076 1493 tetigerit
1114 1431 1422 1476 circinationis
1458 1433 1510 1476 li-

250 1520 388 1549 neam
406 1537 417 1558 ,
452 1503 491 1547 &
520 1502 680 1547 fecerit
709 1518 868 1562 parem
905 1501 1292 1546 antemeridianae
1316 1503 1508 1547 umbrae

248 1574 681 1635 postmeridianam,
706 1572 918 1635 signanda
954 1569 1146 1632 punfio.
1199 1573 1269 1616 Ex
1298 1574 1364 1617 his
1389 1572 1510 1618 duo-

249 1647 338 1692 bus
371 1646 500 1708 signis
538 1645 707 1689 circino
744 1643 1011 1688 decussatim
1045 1644 1431 1699 describendum,
1463 1644 1505 1691 Sc

248 1735 334 1780 per
353 1716 715 1763 decuffationem
739 1716 779 1762 Sc
798 1715 1008 1760 medium
1035 1728 1247 1761 centrum
1268 1716 1388 1761 linea
1406 1732 1508 1776 per-

250 1788 471 1835 ducenda
502 1788 560 1832 ad
599 1800 890 1843 extremum,
927 1798 980 1830 ut
1004 1787 1227 1831 habeatur
1252 1787 1507 1832 meridiana

249 1862 291 1907 Sc
320 1860 701 1921 septemtrionalis
733 1859 873 1922 regio.
918 1858 1060 1903 Tunc
1092 1857 1247 1919 postea
1275 1858 1502 1902 sumenda

250 1937 311 1980 est
348 1934 653 1980 sextadecima
693 1947 793 1991 pars
837 1931 1144 1976 circinationis
1176 1930 1324 1974 lineae
1359 1932 1503 1975 totius

247 2006 592 2053 rotundationis
607 2039 620 2062 ,
655 2015 968 2062 centrumque
986 2001 1314 2046 collocandum
1336 2001 1383 2046 in
1403 2018 1505 2047 me·-

247 2079 422 2124 ridiana
458 2079 604 2133 linea,
635 2092 753 2136 quae
790 2076 936 2137 tangit
981 2073 1349 2130 circinationem,
1383 2075 1424 2121 8c
1452 2076 1503 2119 fi-

245 2151 488 2215 gnandurn
529 2150 688 2194 dextra
716 2165 766 2194 ac
806 2148 973 2192 finistra
1003 2148 1051 2190 in
1089 2146 1410 2203 circinatione,
1458 2149 1499 2194 SC

245 2222 527 2276 meridiana,
560 2222 600 2267 Sc
629 2220 990 2281 septemtrionali
1012 2231 1153 2280 parte.
1193 2219 1334 2266 Tunc
1363 2236 1420 2266 ex
1450 2221 1500 2264 fi-

244 2295 343 2358 gnis
371 2295 439 2340 his
471 2305 674 2354 quatuor
693 2327 705 2347 ,
738 2310 821 2354 per
854 2304 1067 2338 centrum
1093 2293 1308 2339 medium
1336 2294 1498 2339 decus-

246 2366 377 2411 satim
406 2367 552 2411 lineae
586 2366 645 2410 ab
672 2366 885 2410 extremis
914 2366 972 2410 ad
999 2376 1223 2409 extremas
1242 2365 1496 2410 circinatio-

245 2453 326 2483 nes
343 2438 686 2498 perducendae.
733 2438 801 2482 Ita
823 2437 971 2481 Austri
989 2438 1029 2483 Sc
1053 2437 1402 2497 Septemtrionis
1420 2438 1495 2482 ha-

244 2509 434 2554 bebitur
463 2507 645 2556 offiavae
667 2511 802 2570 partis
829 2510 1091 2573 designatio.
1130 2510 1353 2569 Reliquae
1388 2526 1492 2569 par-
