1600 2902
318 181 402 229 DE
434 178 927 228 ARCHITECTURA
959 177 1066 225 LIB.
1099 177 1182 225 IV.
1287 191 1372 242 105

112 296 438 355 pellaverunt‚
483 292 616 352 quod
649 292 695 336 in
730 292 942 336 Dorieon
980 287 1245 334 civitatibus
1283 284 1381 347 pri-

110 384 245 413 mum
292 364 458 411 fidiam
496 383 551 410 eo
591 382 758 426 genere
795 365 1033 408 viderunt.
1091 362 1145 406 In
1187 377 1238 406 ea
1263 358 1381 404 aede

111 455 219 483 cum
242 437 492 483 voluissent
512 426 754 481 columnas
784 437 1038 490 collocare,
1071 449 1171 479 non
1202 431 1379 476 haben-

107 523 176 556 tes
213 513 496 567 svmmetrias
520 527 678 557 earum
696 545 708 566 ,
736 510 778 555 Sc
809 519 1085 568 quaerentes
1114 504 1289 566 quibus
1307 519 1379 548 ra·-

107 584 318 628 tionibns
358 586 534 629 efficere
561 582 771 643 possent,
815 581 883 625 uti
923 581 962 626 Sc
989 581 1047 624 ad
1080 595 1198 625 onus
1228 577 1380 622 feren-

110 658 227 702 dum
262 657 404 703 essent
437 659 663 711 idoneae,
710 655 752 701 8c
786 655 832 698 in
865 650 1083 713 adspefftu
1125 651 1377 712 probatam

107 731 338 776 haberent
368 732 656 776 venustatem
675 763 688 782 ,
719 728 913 772 dimensi
941 727 1047 772 sunt
1072 725 1209 770 virilis
1241 721 1380 784 pedis

109 802 384 857 vestigium,
433 803 473 846 86
515 818 620 845 cum
670 798 948 844 inveniss'ent
984 798 1160 858 pedem
1198 796 1377 841 sextam

108 886 290 932 partem
322 873 408 919 effe
438 874 696 919 altitudinis
728 874 776 917 in
811 872 1035 926 homine,
1078 871 1139 916 ita
1160 871 1206 913 in
1243 869 1378 912 colu-

108 962 268 990 mnam
310 949 672 1004 transtulerunt,
711 948 753 994 82
796 963 890 1007 qua
929 943 1221 990 crassitudine
1253 941 1378 985 fece-

106 1031 220 1063 runt
248 1021 390 1065 bafim
416 1021 561 1082 scapi,
592 1032 778 1066 tantum
809 1036 908 1064 eam
938 1018 1080 1064 sexies
1111 1033 1220 1062 cum
1253 1011 1378 1073 capi-

105 1094 212 1136 tulo
247 1094 294 1136 in
327 1095 627 1139 altitudinem
664 1095 948 1139 extulerunt.
994 1091 1062 1136 Ita
1092 1088 1263 1135 Dorica
1295 1102 1378 1130 co⁴

106 1164 271 1208 lumna
294 1166 434 1209 virilis
459 1169 665 1225 corporis
693 1167 1055 1227 proportionem
1073 1198 1084 1219 ,
1116 1163 1159 1208 &⁴
1184 1160 1377 1206 firmita-

105 1247 230 1292 tem,
270 1237 311 1283 Sc
344 1240 632 1285 venustatem
668 1240 717 1283 in
756 1239 973 1284 aedificiis
1006 1237 1227 1298 praestare
1266 1250 1376 1279 coe-

103 1309 191 1367 pit.
242 1312 364 1355 Item
410 1312 567 1369 postea
621 1310 800 1356 Dianae
849 1310 1130 1355 constituere
1191 1306 1375 1352 aedem.

104 1375 397 1448 Quaerenti->s
426 1385 537 1429 novi
566 1384 743 1447 generis
778 1384 979 1444 speciem
1000 1417 1010 1437 ,
1042 1382 1208 1426 iisdem
1238 1377 1375 1423 vesti·

102 1455 210 1515 giis,
249 1457 307 1500 ad
338 1457 621 1502 muliebrem
660 1459 998 1502 transtulerunt
1035 1455 1374 1519 gracilitatem,

102 1526 145 1573 Sc
181 1528 392 1574 fecerunt
421 1530 629 1590 pm'mum
663 1533 913 1576 columnae
937 1529 1279 1575 crassitudinem
1306 1526 1374 1570 al-

101 1599 317 1646 titudinis
350 1600 508 1648 oclava
529 1615 657 1663 parte
677 1637 689 1660 ‚
727 1616 781 1649 ut
810 1604 1036 1649 haberent
1064 1602 1264 1663 speciem
1291 1614 1373 1643 ex-

101 1674 356 1721 celslorem.
384 1676 477 1721 Bali
510 1677 675 1737 spiram
713 1677 1063 1738 supposuerunt
1081 1692 1167 1736 pro
1188 1675 1370 1718 calceo:

99 1748 309 1806 capitulo
339 1750 548 1805 volutas,
597 1750 667 1793 nti
699 1750 1028 1810 capillamento
1060 1746 1374 1805 concrispatos

99 1821 342 1868 cincinnos
360 1824 734 1884 praependentes
768 1824 933 1869 dextra
962 1840 1014 1868 ac
1044 1822 1240 1877 sinistra,
1273 1820 1371 1864 col-

101 1894 404 1948 locaverunt;
435 1898 475 1944 8c
497 1899 706 1958 cymatiis
739 1898 780 1944 Sc
815 1900 1020 1959 encarpis
1050 1914 1136 1957 pro
1163 1895 1371 1940 crinibus

101 1967 328 2027 dispositis
377 1971 552 2016 frontes
592 1986 897 2028 ornaverunt,
951 1984 1222 2030 truncoque
1265 1978 1373 2013 toto

103 2039 254 2095 ssrias,
286 2043 353 2086 uti
388 2044 604 2089 stolarum
633 2061 766 2106 rugas
800 2045 1047 2090 matronali
1087 2060 1241 2096 more,
1282 2042 1369 2086 de·-

103 2112 340 2159 miserunt.
363 2115 429 2161 Ita
454 2118 644 2164 duobus
665 2120 1010 2164 discriminibus
1035 2119 1367 2163 columnarum

102 2186 427 2233 inventionem
450 2224 463 2244 ,
513 2208 656 2236 unam
694 2193 811 2236 virili
846 2194 938 2236 line
976 2203 1143 2236 ornatu
1183 2189 1367 2233 nudam

101 2256 278 2316 specie,
326 2259 514 2304 alteram
559 2263 780 2309 muliebri
819 2263 1074 2308 subtilitate
1115 2263 1155 2307 ἃ·
1199 2273 1368 2307 ornatu

99 2329 467 2390 symmetriaque
507 2333 614 2378 sunt
655 2337 869 2381 mutuati.
924 2338 1094 2383 Posteri
1129 2353 1238 2381 vc-ro
1273 2338 1368 2381 ele-

101 2402 254 2462 gantia
296 2403 646 2465 subtilitateque
693 2409 977 2453 iudiciorum
1028 2408 1244 2471 progrelli
1269 2443 1282 2464 ‚
1321 2410 1364 2455 Sc

98 2474 419 2535 gracilioribus
450 2478 656 2526 modulis
685 2478 926 2538 delec‘lati,
953 2482 1133 2542 septem
1164 2482 1364 2530 crassitu-
