1600 2902
367 163 1003 206 COMPENDIUM.
1254 180 1331 220 359

60 264 262 308 Subtilitas
289 277 387 318 ergo
408 264 572 318 disparis
602 262 810 304 mensurae
835 263 883 304 de
903 263 1027 317 spatio
1051 264 1237 305 horarum
1262 279 1333 305 ex-

58 328 267 383 spetstanda
295 341 377 368 non
394 327 474 376 est,
495 328 656 380 quando
686 327 791 367 aliud
811 328 960 375 maius,
1000 327 1041 367 &
1069 328 1174 368 aliud
1203 328 1331 369 minus

56 389 310 442 horologium
334 390 428 442 poni
450 389 607 429 solitum
628 389 817 428 videatur
832 419 844 436 ,
877 390 918 428 δι
945 401 1028 428 non
1054 390 1220 442 amplius
1243 402 1333 444 pae-

52 465 104 493 ne
130 452 179 491 ab
204 451 413 500 omnibus,
447 450 518 490 nisi
548 461 674 503 quota
696 449 743 489 sit
772 449 895 489 solum
920 451 1087 503 inquiri,
1116 451 1332 492 festinetur.

52 513 249 553 Gnomon
289 513 423 566 itaque
453 513 494 551 in
527 511 673 564 angulo
706 510 861 550 summo
888 510 1090 552 iuncturae
1125 512 1329 564 paululum

51 574 203 615 inclinis
226 575 411 627 ponitur,
435 574 502 626 qui
522 574 662 612 umbra
692 572 758 612 sua
787 573 906 612 horas
935 572 1120 626 designet.
1167 574 1332 613 Consti-

52 648 143 679 tues
171 651 306 679 autem
336 637 537 691 horologii
565 648 741 691 partem,
777 650 856 692 qua
873 637 1064 676 decimam
1093 638 1231 677 horam
1256 650 1333 677 no-

52 709 134 749 tat,
174 712 316 740 contra
339 700 546 740 Orientem
580 698 937 751 aequinoctialem,
982 698 1084 740 sicut
1113 700 1163 739 de
1192 712 1333 741 exem-

51 764 125 816 plis
152 763 402 804 multifariam
430 760 701 815 cognoscitur.
735 761 1004 815 Horologium
1033 774 1192 813 autem,
1222 762 1331 816 quod

49 825 343 877 Hemicyclium
367 823 609 877 appellatur,
644 823 754 862 simili
785 824 908 864 modo
932 824 980 863 de
1005 825 1158 878 lapide,
1187 826 1256 865 vel
1284 826 1332 865 de

49 898 249 926 marmore
275 899 381 934 uno,
407 896 581 939 quatuor
603 886 779 938 partibus
801 884 948 925 sursum
972 885 1203 934 latioribus,
1228 886 1331 926 infra

49 947 338 1001 angustioribus
362 958 656 1002 componatur3
693 961 735 988 ut
756 948 808 988 ab
835 959 928 988 ante
954 948 995 988 &
1020 961 1042 988 a
1066 959 1180 1002 tergo
1209 949 1331 988 latio-

48 1021 113 1048 res
143 1020 275 1062 partes
302 1010 459 1048 habeat.
491 1009 566 1049 Sed
591 1009 700 1050 frons
719 1011 965 1063 aliquantum
994 1012 1243 1064 permineat,
1270 1023 1330 1050 at-

49 1083 128 1123 que
153 1071 335 1112 umbram
362 1071 482 1112 faciat
509 1073 715 1112 maiorem.
770 1073 849 1112 Sub
880 1073 954 1111 hac
979 1072 1112 1112 fronte
1144 1073 1332 1113 rotundi-

48 1142 109 1173 tas
137 1135 186 1172 ad
218 1135 411 1174 circinum
443 1145 636 1183 notatur,
674 1148 776 1188 quae
808 1146 952 1175 cavata
982 1134 1172 1175 introrsus
1201 1136 1330 1176 hemi-

49 1195 152 1246 cycli
183 1195 300 1235 faciat
324 1196 492 1236 schema.
525 1196 571 1235 In
601 1197 675 1235 hac
704 1209 898 1236 cavatura
921 1207 1001 1236 tres
1031 1197 1167 1237 circuli
1199 1197 1330 1244 fiunt3

47 1268 153 1296 unus
192 1271 317 1311 prope
361 1256 623 1298 summitatem
653 1257 873 1309 horologii,
916 1257 1016 1297 alius
1051 1270 1122 1311 per
1159 1257 1328 1297 mediam

45 1330 302 1367 cavaturam,
335 1320 474 1360 tertius
514 1331 638 1371 prope
683 1319 822 1357 horam
853 1318 1040 1371 signetur.
1104 1318 1139 1357 A
1174 1318 1329 1357 minore

45 1393 143 1432 ergo
166 1382 317 1421 circulo
347 1394 474 1433 usque
500 1380 548 1419 ad
577 1380 765 1419 maiorem
799 1380 991 1420 circulum
1021 1379 1263 1431 horalemgl.
1289 1379 1332 1419 δι

46 1440 181 1481 decem
211 1443 337 1482 lineae
369 1441 537 1482 directae
563 1441 717 1494 aequali
745 1443 960 1495 partitione
987 1442 1203 1489 ducantur,
1225 1454 1330 1494 quae

45 1503 166 1543 horas
200 1504 481 1544 demonstrent.
523 1504 594 1543 Per
622 1503 794 1542 medium
819 1515 920 1542 vero
952 1503 1235 1554 hemicyclium
1260 1502 1329 1541 su-

44 1577 115 1617 pra
150 1566 340 1604 minorem
373 1566 564 1604 circulum
601 1564 763 1617 planitia
793 1564 970 1616 aequalis
1000 1563 1195 1603 subtiliori
1219 1563 1331 1616 gros-

44 1625 216 1666 fitudine
240 1627 331 1672 fiat3
356 1638 422 1674 ut,
446 1638 582 1680 aperta
607 1626 858 1666 rotunditate
882 1627 1057 1680 digitali,
1085 1626 1238 1666 facilius
1253 1626 1330 1665 So-

43 1684 91 1724 lis
118 1687 250 1726 radius
281 1687 433 1727 infusus
468 1701 538 1741 per
571 1701 761 1727 numeros
784 1687 977 1727 linearum
1008 1689 1127 1728 horas
1161 1689 1329 1728 demon-

45 1746 153 1787 stret.
198 1749 349 1788 Hiemis
376 1763 473 1802 ergo
497 1760 676 1803 tempore
706 1763 776 1803 per
802 1751 997 1790 minorem
1026 1752 1218 1792 circulum
1250 1753 1330 1792 ho-

44 1822 179 1849 rarum
210 1823 398 1850 numeros
421 1812 605 1852 servabit.
643 1812 934 1865 Aequinoffiali
958 1824 1140 1867 tempore
1157 1815 1327 1854 medium

45 1871 239 1911 circulum
274 1872 490 1924 sequetur,
527 1873 677 1913 aestivo
714 1885 898 1928 tempore
923 1889 992 1929 per
1022 1876 1170 1915 maiora
1192 1877 1329 1917 circuli

42 1932 166 1986 spatia
194 1936 408 1986 gradietur.
441 1935 516 1974 Sed
534 1966 545 1983 ‚
574 1948 625 1976 ne
651 1949 764 1975 error
791 1938 829 1974 in
860 1937 1126 1977 construendo
1160 1938 1329 1978 horolo-

42 1997 111 2049 gio
143 1998 328 2050 cuiquam
359 1999 568 2046 videatur,
600 1999 729 2038 libero
754 1999 844 2040 loco
871 2001 978 2048 alto,
1001 2001 1067 2040 vel
1095 2002 1240 2054 plano,
1275 2001 1327 2041 sic

44 2068 244 2109 ponatur,
274 2070 318 2098 ut
357 2060 524 2112 angulus
551 2060 690 2109 huius,
727 2063 795 2114 qui
828 2063 1016 2102 occiduas
1055 2064 1176 2104 horas
1205 2076 1327 2104 nota-

44 2117 127 2165 bit,
170 2129 312 2158 contra
342 2120 668 2172 aequinoffiulem
707 2135 878 2162 vernum
909 2123 1054 2177 speClet
1073 2155 1084 2172 ‚
1123 2127 1230 2164 unde
1261 2125 1328 2165 Sol

43 2192 157 2218 nono
183 2181 272 2220 Kal,
298 2183 445 2236 Aprilis
471 2184 636 2224 oriatur.
684 2183 745 2224 Fit
776 2187 892 2226 etiam
932 2189 969 2226 in
999 2201 1080 2227 uno
1113 2189 1327 2242 horologio

44 2241 188 2294 duplex
215 2244 436 2296 elegantiae
473 2246 694 2287 subtilitas:
731 2262 821 2288 nam
848 2251 984 2290 dextra
1010 2264 1056 2290 ac
1084 2251 1235 2292 sinistra
1257 2267 1329 2294 ex-

45 2304 237 2344 trinsecus
263 2307 301 2346 in
326 2308 515 2349 lateribus
539 2311 625 2350 eius
654 2312 800 2365 quinae
827 2313 952 2353 lineae
983 2313 1151 2355 ‹lirec‘iae
1182 2329 1330 2357 notan-

43 2377 134 2414 tur,
160 2368 198 2406 &
224 2380 362 2408 ternae
391 2383 525 2423 partes
564 2374 812 2413 circulorum
848 2376 1003 2428 aequali
1035 2377 1244 2418 intervallo
1274 2380 1326 2418 sic

47 2428 176 2478 fiunt,
214 2442 259 2471 ut
295 2445 374 2472 una
416 2436 598 2487 proxima
637 2437 681 2476 sit
714 2437 866 2490 angulis
900 2439 1213 2492 posterioribus,
1260 2444 1326 2483 ubi
