1600 2902
248 152 342 212 276
499 145 568 195 M.
601 133 894 192 VtTRUVn
926 144 1263 192 POLL10NIS

244 258 365 311 rint,
397 254 480 315 qui
514 254 573 299 ab
614 252 708 314 ipsa
736 251 929 297 natione
963 250 1310 299 Chaldaeorum
1335 250 1514 314 proflu*⁴

243 340 443 385 xerunt,
489 327 758 374 ostendunt.
793 325 1076 384 Primusque
1109 325 1326 382 Berosus,
1359 325 1407 370 in
1439 326 1513 371 in·-

243 403 340 448 sula
367 402 407 449 8c
438 402 624 448 civitate
655 400 757 446 Coo
788 397 1028 454 consedit,
1065 398 1229 459 ibique
1248 400 1428 460 aperuit
1451 399 1515 443 di·

242 477 501 537 sciplinam.
550 475 707 520 Postea
754 471 941 517 studens
972 469 1249 532 Antipater,
1296 472 1511 531 itemque

243 549 591 608 Achinapolns,
614 547 698 606 qui
721 545 862 590 etiam
894 560 995 589 non
1015 560 1040 588 e
1065 543 1323 599 nascentia,
1352 543 1430 588 sed
1453 560 1512 589 ex

243 618 560 679 conceptione
599 615 992 679 genethliologiae
1028 615 1226 659 rationes
1267 615 1513 674 explicatas

240 692 445 752 reliquit.
501 691 574 736 De
625 688 912 735 naturalibus
955 699 1114 733 autem
1159 687 1512 733 rebusThales

240 767 469 823 Milefius,
509 764 801 826 Anaxagoras
835 763 1162 809 Clazomenius
1183 796 1196 819 ,
1231 764 1512 826 Pythagoras

239 839 456 893 Samius,
499 837 819 896 Xenophanes
863 834 1223 894 Colophonius,
1271 835 1515 881 Democri-

238 923 315 957 tus
363 910 636 965 Abderites,
682 910 881 953 rationes
928 908 1104 968 quibus
1147 919 1310 954 natura
1352 925 1513 955 rerum

237 985 606 1048 gubernaretur,
635 982 1053 1043 quemadmodum
1083 998 1303 1042 quosque
1324 980 1512 1029 effeetus

238 1056 470 1111 habeant,
513 1057 790 1118 excogitatas
826 1055 1132 1114 reliquerunt.
1187 1057 1413 1123 Quorum
1442 1056 1515 1100 in-

237 1144 380 1176 venta
408 1130 578 1185 secuti,
609 1129 810 1174 siderum
836 1140 962 1175 ortus
989 1127 1028 1173 8c
1053 1128 1234 1173 occasus
1267 1130 1516 1190 tempesta-

237 1215 442 1262 tumque
467 1202 744 1264 slgnificatus
780 1201 1010 1247 Eudoxus
1029 1235 1040 1256 ,
1073 1201 1383 1257 Eudaemon,
1407 1201 1516 1246 Cal-

234 1277 414 1337 lippus,
453 1275 607 1330 Melo,
646 1276 918 1335 Philippus,
954 1274 1279 1334 Hipparchus,
1315 1273 1512 1331 Aratus,

235 1350 476 1409 ceterique
511 1364 569 1393 ex
613 1348 854 1409 astrologia
896 1357 1338 1409 parapegmatorum
1383 1347 1514 1391 disci-

234 1422 386 1483 plinas
418 1421 732 1476 invenerunt,
769 1419 810 1465 8c
835 1436 905 1464 eas
938 1418 1127 1480 posteris
1160 1419 1406 1478 explicatas
1438 1435 1513 1463 re·-

234 1495 494 1553 liquerunt.
549 1495 775 1560 Quorum
819 1492 1034 1537 scientiae
1079 1491 1188 1535 sunt
1235 1490 1511 1536 hominibus

234 1565 579 1626 suspiciendae,
606 1562 741 1623 quod
765 1575 891 1608 tanta
915 1578 1022 1608 cura
1047 1561 1266 1618 fuerunt,
1293 1573 1347 1608 ut
1367 1563 1505 1608 etiam

233 1639 487 1683 videantur
513 1637 673 1682 divina
706 1647 866 1682 mente
911 1635 1243 1695 tempestatum
1285 1635 1511 1697 fignifica-

234 1722 310 1756 tus
348 1710 452 1772 post
498 1708 712 1764 futuros,
761 1719 869 1753 ante
911 1707 1246 1768 pronuntiare:
1291 1723 1405 1767 quas
1445 1707 1508 1752 ob

232 1798 302 1829 res
326 1783 439 1829 haec
458 1798 625 1827 eorum
651 1782 773 1826 curis
791 1781 1046 1841 studiisque
1064 1779 1171 1825 sunt
1193 1778 1510 1825 concedenda.

462 1906 793 1952 CAPUT
859 1905 920 1951 v.
997 1903 1282 1966 (v111.)

235 1987 304 2035 De
333 1989 641 2048 horologiorum
666 1988 900 2033 rationibus
926 1989 966 2031 ὼ·
988 1988 1144 2032 umbris
1154 2004 1415 2048 gnomonum
1435 2003 1509 2032 ae-

277 2062 530 2125 quinofflialz'
551 2074 753 2124 tempore,
774 2061 928 2106 Romae
948 2062 987 2104 ds
1004 2060 1220 2105 nonnullis
1239 2061 1336 2105 aliis
1358 2061 1471 2105 locis.

299 2150 450 2196 Nobis
483 2162 644 2195 autem
677 2151 736 2195 ab
766 2150 833 2194 his
865 2149 1143 2210 separandae
1179 2147 1287 2193 sunt
1320 2148 1508 2193 horolo-

233 2224 419 2287 giorum
450 2223 680 2279 rationes,
708 2223 749 2269 Sc
783 2222 1086 2283 explicandae
1121 2222 1382 2268 menstruae
1408 2221 1506 2265 die-

233 2314 340 2341 rum
366 2296 642 2350 brevitates,
667 2296 880 2354 itemque
909 2296 1242 2356 depalationes.
1287 2294 1505 2352 Namque

233 2367 315 2412 Sol
346 2366 677 2427 aequinoc‘liali
704 2380 923 2427 tempore
955 2366 1113 2412 Ariete
1142 2367 1379 2426 Libraque
1404 2381 1507 2410 ver-

233 2441 408 2499 sando,
442 2459 556 2502 quas
591 2458 650 2487 ex
676 2457 919 2504 gnomone
953 2433 1106 2502 partes
1136 2441 1277 2486 habet
1304 2453 1506 2494 novem,
