1600 2902
223 450 1312 517 M.V1TRUV11POLLIONIS

504 590 582 666 V
668 592 702 665 1
788 591 857 665 T
946 556 1069 666 A*

157 740 194 780 A
237 737 699 781 BERNARDINO
742 738 971 780 BALDO
1017 735 1389 783 URBINATE

571 873 967 904 CONSCRIPTA.

139 1111 230 1200 O
244 1172 281 1200 M
295 1171 322 1200 N
337 1171 390 1200 Es
411 1159 494 1201 fere
516 1169 625 1199 artes
648 1170 789 1199 natura
811 1158 866 1199 ita
890 1157 1126 1200 constitutas
1148 1157 1225 1201 effe
1247 1158 1412 1209 scimus,

140 1234 187 1264 ut
210 1235 291 1263 non
318 1222 409 1262 satis
439 1220 651 1261 commode
686 1219 844 1261 tractari
878 1220 1068 1270 valeant,
1104 1221 1132 1260 si
1161 1223 1231 1274 qui
1263 1222 1302 1260 in
1338 1222 1414 1261 illis

141 1284 374 1332 versantur,
397 1284 558 1337 ingenio
585 1284 732 1337 pariter
758 1283 798 1322 δι
821 1295 944 1322 manu
968 1296 1050 1323 non
1078 1283 1227 1323 fuerint
1255 1285 1415 1324 exerci-

141 1347 228 1387 tati.
259 1345 415 1386 Etenim
440 1344 724 1398 contemplatio
740 1375 752 1393 ,
785 1358 902 1397 quam
932 1346 1082 1397 θεωρίαν
1105 1344 1252 1385 Graeci
1277 1345 1415 1400 appel-

142 1409 249 1457 lant,
269 1409 411 1448 oculus
432 1408 591 1461 quidam
608 1406 686 1457 est3
708 1407 848 1461 πράξας
864 1421 966 1447 vero
981 1438 993 1456 ,
1020 1409 1096 1448 hoc
1120 1408 1198 1457 est,
1218 1408 1299 1461 ipsa
1318 1422 1417 1462 ope-

143 1471 265 1518 rat10‚
294 1481 433 1508 manus
448 1469 517 1507 fibi
538 1469 672 1508 locum
693 1479 815 1521 atque
831 1469 1005 1509 officium
1023 1471 1225 1509 vendicat.
1256 1470 1418 1522 Quam-

142 1531 284 1571 obrem
305 1532 337 1570 is
352 1559 363 1578 ,
382 1542 474 1570 meo
500 1530 674 1579 iudicio,
691 1531 758 1583 qui
784 1530 864 1570 sola
890 1532 1151 1571 meditatione
1170 1531 1298 1573 fretus
1315 1546 1419 1586 ope-

143 1594 340 1634 rationem
367 1591 551 1645 negligit,
583 1604 664 1631 non
695 1593 830 1645 inepte
855 1593 1026 1646 cuipiam
1053 1595 1242 1647 componi
1267 1594 1418 1647 posset,

144 1656 214 1708 qui
239 1653 322 1695 visu
349 1654 526 1708 pollens,
559 1667 723 1696 mancus
751 1654 846 1695 effet
873 1656 913 1696 &
941 1655 1132 1697 scaevus:
1163 1658 1194 1697 is
1223 1670 1325 1698 vero
1349 1659 1419 1711 qui

144 1719 218 1760 usu
244 1730 399 1759 tanturn
422 1719 616 1772 praestat,
641 1721 678 1759 ei
706 1721 773 1773 qui
803 1721 934 1761 oculis
954 1732 1124 1774 captus,
1158 1734 1299 1761 manus
1315 1721 1419 1775 ipsas

143 1781 308 1821 haberet
333 1781 566 1821 incolumes.
616 1780 759 1834 Itaque
794 1793 838 1822 ut
867 1783 907 1821 in
934 1783 1095 1823 homine
1124 1784 1172 1823 ad
1206 1783 1420 1837 perfe&am

144 1844 412 1897 integritatem
440 1845 585 1883 oculos
608 1846 757 1897 pariter
778 1857 899 1898 atque
918 1859 1057 1886 manus
1082 1847 1344 1899 requirimus,
1365 1847 1420 1886 ita

145 1908 186 1946 in
210 1906 396 1947 absoluto
416 1907 568 1947 artifice
595 1909 978 1962 contemplationem
995 1910 1034 1949 δε
1051 1910 1327 1963 operationem
1347 1921 1420 1948 ae-

146 1984 226 2022 que
251 1970 531 2010 desideramus.
563 1970 665 2009 Hinc
688 1969 757 2018 fit,
786 1982 830 2010 ut
851 1970 1085 2010 Vitruvium
1107 1971 1157 2010 ab
1177 1971 1221 2009 iis
1242 1971 1422 2010 archite-

146 2030 218 2072 &is
243 2032 518 2086 seiungamus,
549 2033 618 2085 qui
643 2033 692 2072 ab
713 2033 871 2086 optimis
901 2032 1052 2073 artibus
1072 2034 1111 2072 ἅ*
1141 2032 1312 2072 scientiis
1343 2033 1422 2072 im-

150 2095 303 2145 parati,
332 2095 574 2135 nobiliffimis
593 2095 882 2135 architechirae
909 2095 1067 2144 studiis,
1092 2095 1213 2135 illotis
1241 2106 1285 2135 ut
1309 2097 1422 2135 aiunt

151 2157 332 2197 manibus
358 2159 629 2211 pedibusque,
655 2169 846 2210 tanquam
870 2157 1054 2211 profani,
1076 2170 1227 2198 temere
1255 2157 1362 2198 ultro
1382 2157 1422 2197 se

150 2219 351 2271 ingerunt.
405 2221 493 2275 Ipse
531 2224 635 2262 enim
671 2223 855 2262 omnibus
895 2223 1013 2261 armis
1046 2233 1236 2270 ornatus,
1260 2222 1423 2262 militiae

151 2282 243 2322 huic
264 2295 409 2322 nomen
430 2285 536 2324 dedit
554 2301 561 2324 ε
597 2297 720 2338 quare
739 2284 784 2324 fit
798 2316 809 2332 ,
841 2296 885 2323 ut
902 2286 964 2332 ei,
990 2285 1079 2323 licet
1096 2285 1328 2333 architeeiQ
1358 2285 1424 2324 lo-

150 2357 242 2385 cum
276 2357 358 2384 non
394 2346 591 2387 immerito
625 2348 730 2387 inter
765 2347 1076 2386 Mathematicos
1108 2348 1147 2386 &
1178 2347 1424 2386 Geometras

151 2406 257 2459 ipsos
291 2406 563 2447 decernamus.
609 2410 741 2449 Huius
776 2410 923 2456 vitam,
950 2409 1059 2461 quod
1091 2423 1111 2448 a
1141 2410 1299 2448 nemine
1330 2418 1424 2447 ante

149 2478 225 2506 nos
245 2479 319 2519 pro
345 2466 537 2520 dignitate
560 2468 616 2508 est
635 2468 779 2509 saelum
794 2499 806 2517 ,
836 2468 1003 2511 scribere
1020 2469 1270 2523 aggredimur
1285 2499 1298 2519 ,
1317 2480 1424 2509 tam·

233 2529 427 2568 Vitruvius.
1133 2545 1156 2571 a
