1600 2902
244 222 306 267 40
487 207 557 254 M.
591 205 885 254 VITRUVH
916 206 1258 255 POLLIONIS

246 328 312 362 tes
331 351 343 373 ‚
361 316 523 361 dextra
547 327 636 360 tres
650 350 662 371 ,
696 332 746 361 ac
767 315 932 360 sinistra
953 327 1067 372 tres,
1092 314 1372 362 dividendae
1397 314 1501 361 sunt

243 389 517 448 aequaliter,
565 404 685 448 quae
719 388 826 434 sunt
863 388 922 433 ad
952 388 1204 445 orientem,
1244 389 1293 434 in
1325 388 1501 447 quibus

240 460 399 504 literae
430 471 458 503 L
491 458 531 502 86
569 472 632 513 Μ,
667 458 708 504 86
736 459 794 502 ab
823 457 1088 513 occidente,
1123 459 1170 503 in
1198 459 1370 518 quibus
1390 458 1496 503 sunt

239 528 397 574 literae
432 541 463 572 N
495 526 535 572 86
569 541 626 571 o:
664 529 786 573 abM
815 527 873 572 ad
905 542 967 584 ο,
997 528 1119 575 &ab
1152 543 1179 574 L
1210 530 1270 574 ad
1303 543 1357 585 N,
1392 545 1502 589 per-

242 601 488 646 ducendae
525 601 634 645 funt
669 602 818 646 lineae
848 600 1145 657 decussatim,
1186 601 1228 647 8.·
1265 602 1326 646 ita
1365 612 1503 646 erunt

240 674 496 733 aequaliter
523 686 773 719 ventorum
796 671 902 719 0510
927 674 1067 734 spatia
1090 675 1137 719 in
1162 674 1499 719 circuitionem.

242 747 379 814 Quae
408 762 517 791 cum
550 747 611 791 ita
649 746 875 806 descripta.
909 759 1048 791 erunt
1080 747 1126 791 in
1151 747 1333 808 singulis
1357 762 1504 809 angu-

241 821 296 866 lis
333 816 575 883 offlogoni‚
609 835 716 864 cum
753 835 778 864 a
816 819 1011 865 meridie
1038 820 1343 880 incipiemus,
1384 820 1505 864 inter·

243 892 425 938 Eurum
471 891 510 936 8c
551 890 771 936 Austrum
815 892 862 936 in
899 893 1102 954 angulo,
1155 883 1240 937 erit
1272 892 1401 936 litera
1443 902 1508 945 G,

243 965 364 1009 inter
393 963 612 1010 Austrum
644 964 684 1010 8:
718 963 929 1009 Africum
961 977 1017 1019 H,
1059 965 1182 1010 inter
1212 963 1423 1009 Africum
1463 963 1504 1008 86

243 1038 505 1083 Favonium
537 1052 566 1083 N
584 1072 597 1095 ,
617 1039 738 1084 inter
767 1038 1026 1084 Favonium
1046 1038 1086 1084 86
1111 1038 1316 1082 Caurum
1345 1051 1400 1093 o,
1434 1037 1508 1081 in-

246 1121 318 1154 ter
341 1109 549 1155 Caurum
583 1112 623 1158 86
656 1110 1052 1172 Septemtrionem
1075 1124 1128 1166 Κ,
1151 1110 1271 1154 inter
1294 1109 1507 1168 Septem-

245 1182 448 1226 trionem
477 1183 518 1229 86
548 1182 839 1243 Aquilonem
880 1197 928 1238 Ι,
964 1184 1088 1227 inter
1132 1181 1423 1241 Aquilonem
1465 1182 1505 1224 86

245 1251 472 1298 Solanum
505 1266 562 1310 L,
593 1255 715 1299 inter
738 1253 962 1298 Solarium
984 1253 1024 1298 86
1048 1251 1224 1297 Eurum
1256 1265 1311 1297 M.
1343 1251 1411 1296 Ita
1433 1250 1503 1294 his

245 1323 466 1371 confeffis
487 1361 498 1382 ,
529 1338 689 1372 contra
721 1329 912 1390 angulos
947 1324 1162 1390 oiiogoni
1186 1342 1395 1390 gnomon
1415 1341 1507 1385 po-

245 1411 384 1445 natur
400 1434 412 1455 ,
449 1400 489 1444 86
518 1401 579 1445 ita
599 1401 854 1464 dirigantur
881 1402 1061 1462 plateae
1084 1402 1123 1447 86
1147 1402 1503 1464 angiportorum

249 1471 494 1518 divisiones
527 1469 645 1519 0810.

631 1568 925 1614 CAPUT
990 1569 1129 1614 VII.

248 1665 321 1712 De
344 1667 536 1712 eleft'ione
571 1668 751 1713 locorum
781 1669 840 1713 ad
870 1686 895 1713 u
919 1685 987 1714 um
1020 1684 1276 1713 communem
1301 1667 1501 1711 civitatis„

333 1765 496 1811 Divifis
527 1766 776 1828 angiportis
810 1766 850 1813 86
880 1767 1038 1826 plateis
1068 1766 1350 1820 constitutis,
1386 1779 1505 1807 area·

252 1852 359 1884 rum
381 1835 544 1883 elefflio
563 1839 623 1883 ad
643 1838 1048 1899 opportunitatem
1072 1839 1112 1884 86
1135 1839 1270 1883 usum
1295 1850 1509 1881 commu-

254 1929 362 1958 nem
394 1913 586 1957 civitatis
615 1913 674 1957 est
696 1913 993 1973 explicanda,
1025 1913 1213 1957 aedibus
1236 1911 1361 1955 sacris
1380 1942 1393 1965 ,
1434 1908 1507 1953 fo·-

250 2003 331 2040 10,
369 1987 653 2046 reliquisque
683 1986 794 2030 locis
827 1985 1171 2031 communibus.
1207 1985 1265 2029 Et
1296 1984 1326 2028 fi
1365 1992 1504 2027 erunt

250 2058 436 2102 moenia
475 2058 733 2103 secundum
754 2074 878 2103 mare
897 2092 910 2113 ‚
949 2074 1073 2113 area,
1111 2057 1192 2102 ubi
1221 2057 1374 2102 forum
1400 2072 1508 2100 con·

251 2130 489 2186 flituatur‚
531 2130 739 2194 eligenda
763 2132 975 2192 proxime
1004 2141 1197 2191 portum
1220 2150 1227 2174 :
1264 2131 1325 2175 fin
1347 2141 1504 2175 autem

248 2201 611 2258 mediterranea,
642 2203 690 2247 in
725 2204 902 2262 oppido
940 2203 1111 2248 medio.
1162 2202 1366 2248 Aedibus
1393 2217 1506 2247 vero

250 2273 379 2318 sacris
398 2309 410 2329 ‚
440 2292 645 2334 quorum
676 2276 889 2320 Deorum
922 2277 1123 2320 maxime
1160 2278 1206 2319 in
1234 2275 1379 2319 tutela
1405 2272 1507 2317 civi·

246 2355 312 2388 tas
335 2345 525 2390 videtur
558 2344 674 2401 effe,
701 2345 742 2392 86
776 2347 905 2402 Iovi,
940 2346 980 2392 86
1009 2347 1181 2392 lunoni
1204 2379 1216 2400 ‚
1250 2345 1291 2391 ἃ
1330 2344 1504 2388 Miner-

245 2432 352 2472 vae,
378 2418 424 2462 in
449 2418 743 2463 excelsissimo
769 2419 874 2464 loco
894 2453 907 2474 ,
931 2419 1060 2463 unde
1086 2419 1329 2463 moenium
1354 2414 1504 2459 maxi-

243 2503 322 2534 ma
352 2506 451 2551 pars
474 2491 802 2552 conspiciatur,
839 2507 965 2537 areae
1004 2491 1346 2537 distribuantur.
1387 2486 1507 2532 Mer-
