1600 2902
285 183 378 231 250
527 164 598 213 M.
636 163 933 210 VITRUVH
971 165 1314 213 POLLIONIS

284 273 393 316 dere
415 270 623 316 saburrae
657 270 982 315 contineatur:
1020 272 1198 331 reliqua
1228 273 1386 318 omnia
1411 271 1479 317 uti
1502 270 1546 316 fi-

281 343 406 388 stulis
440 343 673 403 plumbeis
719 343 781 386 ita
811 343 917 386 sunt
954 344 1236 389 collocanda.
1283 345 1401 390 Item
1435 360 1547 389 cum

282 416 436 475 primo
466 431 586 474 aqua
606 432 629 458 a
647 416 796 474 capite
826 416 1125 471 immittitur,
1146 428 1253 462 ante
1285 418 1435 462 favilla
1462 418 1548 461 im-

280 486 523 542 mittetur,
568 487 636 530 uti
664 498 967 548 coagmenta,
1001 488 1031 531 fi
1062 504 1156 547 qua
1187 489 1292 533 sunt
1322 506 1419 535 non
1446 489 1548 533 satis

283 558 456 614 oblita,
490 560 642 603 favilla
671 560 955 604 oblinantur.
1001 561 1192 605 Habent
1219 575 1375 607 autem
1401 562 1549 608 tubu-

280 631 438 676 lorum
463 630 705 678 duc‘liones
733 650 781 677 ea
811 634 1075 678 commoda.
1120 635 1331 679 Primum
1365 635 1413 678 in
1443 650 1549 693 ope-

281 720 331 750 re
360 706 492 764 quod
524 706 554 750 fi
583 705 717 765 quod
745 706 912 750 vitium
944 703 1119 752 saelum
1149 707 1313 763 fuerit,
1344 707 1548 767 quilibet

280 776 330 821 id
356 776 505 836 potest
532 778 744 822 reficere:
780 778 1016 837 etiamque
1044 780 1196 824 multo
1228 779 1451 824 salubrior
1485 778 1547 821 est

283 866 341 894 ex
372 850 549 894 tubulis
583 865 730 909 aqua,
769 865 911 908 quam
949 867 1033 910 per
1071 851 1260 907 fistulam
1304 851 1438 913 quod
1463 866 1549 911 per

281 923 540 982 plumbum
577 923 766 967 videtur
807 922 892 967 effe
931 923 1038 969 ideo
1084 925 1276 980 vitiosa,
1315 925 1449 985 quod
1488 940 1546 970 ex

284 1012 340 1041 eo
376 997 544 1041 cerussa
569 998 791 1053 nascitur,
813 999 925 1043 haec
959 1009 1118 1043 autem
1150 999 1318 1043 dicitur
1349 999 1433 1043 effe
1459 1015 1549 1043 no-

281 1084 387 1112 cens
428 1070 702 1129 corporibus
739 1071 985 1116 humanis:
1034 1070 1097 1115 ita
1142 1071 1173 1114 sl
1223 1070 1357 1128 quod
1397 1086 1454 1113 ex
1487 1085 1545 1114 eo

285 1153 558 1202 procreatur
601 1143 650 1187 id
689 1144 749 1188 est
788 1143 1008 1188 vitiosum
1031 1177 1044 1199 ,
1079 1159 1178 1188 non
1208 1143 1269 1187 est
1306 1142 1509 1186 dubium
1533 1174 1548 1198 ‚

284 1215 403 1274 quin
436 1214 589 1276 ipsum
626 1232 824 1275 quoque
857 1232 955 1260 non
992 1216 1044 1260 s1t
1069 1216 1263 1260 salubre.
1297 1213 1548 1273 Exemplar

283 1300 445 1334 autem
476 1290 534 1335 ab
568 1289 819 1334 artificibus
853 1289 1126 1349 plumbariis
1155 1288 1395 1349 possumus
1431 1285 1550 1331 acci-

280 1378 419 1423 pere,
450 1362 583 1422 quod
613 1362 866 1423 palloribus
895 1373 1144 1422 occupatos
1171 1361 1345 1406 habent
1376 1374 1547 1418 corpo-

281 1438 339 1481 ris
372 1438 581 1481 colores:
622 1453 830 1496 namque
866 1452 975 1481 cum
1009 1435 1260 1480 fundendo
1287 1433 1545 1493 plumbum

283 1508 448 1565 fiatur,
488 1526 633 1568 vapor
664 1527 721 1554 ex
756 1527 811 1553 eo
844 1508 1042 1552 insidens
1074 1508 1278 1567 corporis
1310 1517 1431 1551 artus
1452 1539 1464 1561 ‚
1503 1505 1546 1552 8:

283 1582 333 1626 in
366 1581 461 1626 dies
496 1598 717 1637 exurens,
752 1582 886 1640 eripit
920 1597 976 1625 ex
1003 1580 1225 1624 membris
1259 1596 1422 1624 eorum
1448 1577 1548 1622 san-

284 1655 437 1717 guinis
462 1654 667 1698 virtutes.
710 1655 873 1712 Itaque
903 1652 1100 1696 minime
1128 1652 1282 1696 fistulis
1312 1650 1548 1711 plumbeis

283 1744 405 1787 aqua
441 1727 550 1771 duci
582 1727 795 1781 videtur,
830 1726 857 1769 s]
895 1727 1114 1770 volumus
1148 1742 1249 1769 eam
1281 1724 1450 1768 habere
1481 1723 1548 1767 sa-

283 1801 484 1845 lubrem.
525 1800 748 1859 Saporem
782 1815 979 1858 quoque
1011 1797 1254 1842 meliorem
1285 1813 1340 1842 ex
1367 1797 1546 1841 tubulis

285 1872 403 1928 esse,
437 1872 740 1931 quotidianus
772 1872 921 1931 potest
955 1870 1158 1914 indicare
1194 1866 1337 1914 vielus
1357 1903 1371 1924 ‚
1410 1868 1546 1928 quod

287 1962 451 1990 omnes
483 1942 724 1991 exstruflas
762 1961 869 1988 cum
911 1944 1113 1988 habeant
1148 1943 1357 1986 vasorum
1388 1957 1547 2004 argen-

286 2030 472 2063 teorum
504 2019 708 2074 mensas,
744 2031 900 2062 tamen
932 2028 1126 2076 propter
1157 2015 1323 2075 saporis
1359 2015 1549 2078 integri-

286 2104 432 2137 tatem
462 2088 676 2137 ficlilibus
707 2104 917 2135 utuntur.
960 2090 1040 2134 Sin
1074 2102 1232 2134 autem
1265 2089 1416 2133 fontes
1447 2105 1547 2134 non

285 2164 416 2219 sunt,
449 2165 579 2207 uude
602 2160 844 2208 dufliones
874 2178 1102 2221 aquarum
1134 2159 1375 2216 faciamus,
1402 2160 1546 2205 necess

286 2236 330 2280 se
365 2237 425 2280 est
455 2247 623 2295 puteos
654 2235 828 2279 fodere.
886 2235 941 2278 In
974 2246 1228 2294 puteorum
1261 2247 1416 2278 autem
1455 2232 1546 2278 fos-

287 2308 493 2352 slonibus
530 2324 628 2353 non
657 2308 719 2352 est
750 2303 1099 2352 contemnenda
1136 2307 1250 2351 ratio
1271 2341 1283 2362 ,
1327 2307 1403 2351 sed
1437 2322 1547 2351 acu-

285 2380 494 2425 minibus
527 2380 803 2438 solertiaque
839 2396 1005 2441 magna
1038 2381 1266 2424 naturales
1298 2394 1452 2422 rerum
1479 2394 1547 2422 ra-

286 2450 435 2497 tiones
468 2451 823 2498 considerandae
843 2486 856 2509 ,
900 2452 1035 2512 quod
1064 2452 1213 2498 habet
1233 2452 1382 2498 multa
1411 2450 1551 2497 varia·
