1600 2902
197 173 260 210 VI
455 163 519 209 M.
552 160 848 208 VITRUVII
882 161 1229 208 POLLIONIS

198 271 383 320 fimum,
420 271 459 311 δι
489 269 749 311 incrementis
783 280 924 308 eorum
964 269 1168 320 scribens,
1207 270 1342 311 omnia
1384 270 1470 310 fere

197 345 408 373 mutuatus
446 332 502 372 est
533 332 582 371 ab
608 332 676 378 iis,
708 342 812 383 quae
847 329 1017 369 facunde
1045 331 1224 385 expreffit
1262 332 1471 372 Lucretius

198 395 302 436 libro
335 395 489 446 quinto.
538 393 779 446 Epicureum
807 393 929 444 igitur
966 390 1101 440 fuiffe,
1139 393 1180 432 in
1209 393 1269 433 his
1301 393 1468 441 saltem,

197 467 304 508 quae
329 455 378 493 ad
417 466 547 493 rerum
582 464 765 491 naturam
803 462 927 504 atque
957 453 1242 506 principiorum
1272 454 1471 493 constitu-

197 518 349 556 tionem
379 517 599 568 pertinent,
635 527 714 554 non
741 514 795 554 est
817 512 1042 554 obscurum.
1083 515 1234 555 Verum
1263 518 1468 556 enimvero

194 580 378 618 moribus
410 576 521 616 fmfl‘e
554 577 748 625 candidis,
777 571 838 625 Sc,
883 589 927 618 ut
955 578 1187 627 ethnicum,
1216 577 1305 618 satis
1332 580 1467 632 pium,

197 654 273 680 nec
291 640 498 680 numinum
517 651 537 677 e
563 639 681 678 coelo
707 639 1005 678 deturbatorem
1032 652 1122 679 cum
1145 640 1470 692 Epicuro&Lu-·

197 706 351 753 cretio,
379 703 468 742 satis
496 714 606 757 patet
647 716 695 743 ex
733 704 807 751 iis,
839 717 942 755 quae
980 704 1028 743 de
1059 705 1215 758 templis
1235 735 1246 751 ‚
1274 706 1320 743 de
1351 705 1469 753 Diis,

196 769 329 820 deque
359 767 512 805 honore
541 765 677 804 debito
702 765 777 805 illis
801 765 1042 813 deferendo,
1070 765 1221 819 scriptis
1250 765 1326 806 suis
1345 765 1469 806 inter-

194 828 332 869 seruit.
365 827 547 868 Militaffe
574 841 693 882 porro
707 859 718 877 ‚
739 829 781 869 δι
805 828 844 867 in
863 828 994 868 castris
1023 828 1113 868 Iulii
1132 828 1310 869 Caesaris
1332 826 1439 868 fuiss'e
1454 858 1467 877 ‚

195 893 290 931 inde
317 890 618 945 cognoscimus,
649 892 759 944 quod
779 891 843 931 lib.
865 890 978 930 Vm.
1005 903 1039 930 c.
1058 905 1095 939 4.
1126 890 1175 929 de
1207 891 1468 944 proprietati-

196 954 273 993 bus
299 952 583 992 nonnullorum
613 952 785 992 fontium
811 951 1015 1001 differens,
1035 953 1228 1001 affirmat,
1249 954 1295 991 C.
1320 952 1466 992 lulium

198 1015 417 1055 Masiniffae
442 1016 566 1055 filium
584 1047 595 1064 ‚
621 1017 689 1068 qui
717 1028 807 1055 cum
835 1014 1003 1055 Caesare
1031 1015 1239 1063 militavit,
1258 1014 1375 1068 ipsius
1391 1014 1468 1052 Vi-

194 1078 318 1118 truvii
354 1076 528 1128 hospitio
557 1076 666 1116 fuisse
704 1076 844 1117 usum:
880 1078 986 1117 unde
1022 1077 1117 1117 illud
1155 1089 1318 1130 quoque
1353 1075 1469 1117 facile

195 1140 466 1194 argumentari
497 1140 615 1187 licet,
645 1140 824 1179 nostrum
857 1140 963 1179 hunc
994 1138 1252 1179 archite6lum
1278 1140 1317 1178 in
1349 1152 1468 1180 exer-

195 1202 280 1241 citu
309 1214 388 1240 non
423 1200 533 1241 fuisse
558 1200 794 1248 obscurum,
823 1202 891 1254 qui
916 1200 1105 1253 insignem
1136 1201 1296 1248 virum,
1323 1213 1467 1254 nempe

194 1263 417 1304 Mafiniffae
443 1264 589 1312 filium,
619 1264 802 1304 habuerit
829 1264 1170 1303 contubernalem.
1212 1262 1368 1303 Caesari
1394 1277 1468 1304 au·-

193 1338 277 1367 tem
302 1328 356 1367 ob
374 1328 431 1367 rei
458 1327 755 1367 aedificatoriae
780 1328 961 1380 peritiam
982 1326 1091 1367 fuiffe
1109 1338 1248 1367 notum
1267 1357 1277 1375 ‚
1302 1326 1469 1382 ipsemet

195 1390 238 1429 in
267 1390 480 1444 prooemio
510 1391 625 1444 primi
654 1390 739 1428 libri
776 1391 822 1429 ad
855 1390 1077 1443 Augustum
1103 1389 1299 1438 scribens,
1329 1402 1467 1443 prote·

194 1452 334 1492 fiatur.
371 1452 474 1504 Quo
500 1453 660 1505 quidem
681 1450 848 1491 Caesare
878 1451 927 1491 de
952 1452 1083 1492 medio
1112 1450 1287 1499 sublato,
1314 1453 1353 1491 δι
1376 1453 1467 1492 Au-

194 1513 308 1568 gusto
344 1512 496 1554 summo
536 1526 669 1553 rerum
711 1513 881 1564 imperio
917 1513 1078 1565 potito,
1119 1512 1246 1551 eidem
1277 1525 1300 1551 a
1329 1511 1466 1553 sorore

193 1574 365 1620 ORavia
393 1576 696 1614 commendatus
732 1573 819 1613 fuit.
859 1573 1011 1613 Verum
1043 1586 1134 1614 cum
1162 1575 1258 1614 duas
1284 1575 1463 1614 eiusdem

191 1637 366 1676 nominis
399 1634 554 1676 sorores
589 1636 772 1676 habuerit
812 1634 1012 1688 Augustus
1038 1666 1049 1683 ‚
1079 1636 1271 1675 maiorem
1301 1636 1465 1677 alteram

193 1697 446 1746 Anchariae‚
469 1698 746 1750 minoremque
786 1697 952 1736 alteram
980 1696 1117 1737 Attiae
1146 1696 1289 1745 filiam,
1317 1697 1464 1739 merito

193 1760 363 1799 dubitari
395 1758 547 1812 posset,
576 1770 667 1800 utra
701 1772 837 1798 earum
864 1758 1222 1799 commendationis
1251 1758 1306 1798 illi
1335 1759 1461 1798 bene-

191 1819 330 1861 ficium
360 1820 637 1875 impertiverit,
682 1821 880 1861 Maiorem
916 1818 1027 1861 fuiss‘e
1058 1821 1180 1862 docet
1207 1821 1363 1860 Aeneas
1385 1820 1462 1860 Vi·-

195 1896 266 1923 cus
297 1883 512 1924 Parmensis
539 1885 580 1923 in
609 1884 712 1924 libro
747 1884 1038 1937 Augustarum,
1071 1884 1139 1924 ubi
1170 1883 1216 1923 de
1250 1896 1296 1924 ea
1324 1882 1462 1935 loqui-

193 1957 285 1996 tur,
312 1947 367 1985 ita
395 1945 591 1987 scribens:
631 1947 725 1996 Quin
752 1947 850 1985 etiam
880 1947 966 1985 inter
986 1948 1134 1999 Augusti
1150 1944 1349 1995 fhmic'iares
1369 1944 1464 1997 peria·

192 2013 348 2063 tiffimum
388 2011 485 2048 illam
526 2011 740 2049 architeffum
773 2011 970 2049 Vitruvium
1018 2009 1232 2055 collocavit,
1266 2007 1325 2059 qui
1361 2008 1463 2060 prius

183 2073 303 2126 ficerat
335 2074 370 2111 in
407 2073 524 2125 castris
561 2072 740 2123 Caesaris,
767 2074 858 2125 quod
882 2087 924 2110 ex
945 2071 1225 2111 commendatitiis
1257 2071 1327 2108 eius
1355 2071 1463 2109 literis

191 2134 339 2186 effeHum
364 2135 416 2185 est.
448 2133 555 2172 Haec
582 2135 751 2171 Aeneas.
781 2132 970 2172 Ceterum
995 2143 1078 2170 non
1107 2131 1229 2170 modo
1253 2142 1343 2170 eum
1370 2131 1462 2171 Au-

192 2194 327 2249 gustus
356 2195 392 2232 in
417 2193 639 2233 clientelam
671 2192 859 2246 suscepit,
898 2194 939 2233 δε
968 2192 1140 2243 amplum
1167 2192 1293 2231 eidem
1327 2191 1463 2244 quoad

191 2260 348 2298 viveret
379 2259 609 2311 stipendium
629 2259 853 2311 assignavit,
899 2257 961 2297 sed
988 2257 1177 2296 machinis
1196 2268 1358 2309 quoque
1376 2254 1460 2294 bel-³

191 2321 277 2360 licis
307 2319 515 2373 praefecit,
547 2322 653 2374 quod
681 2322 722 2360 &
748 2319 825 2372 ipse
857 2321 917 2358 his
943 2319 1079 2357 verbis
1109 2319 1270 2369 reliquit
1295 2317 1458 2356 :mesta-2

191 2391 298 2420 tum.-
326 2381 442 2432 ltaque
469 2396 542 2419 cum
559 2384 614 2420 M.
634 2381 801 2426 Aurelio,
827 2380 861 2418 6³
883 2380 971 2418 Pub.
989 2372 1165 2424 Minijio,
1188 2379 1223 2416 δ’
1245 2381 1306 2418 Cn.
1333 2379 1458 2416 Corne-³

192 2444 243 2485 lio
266 2444 314 2485 ad
328 2442 584 2496 apparationem
608 2442 840 2495 ballistarum,
863 2439 896 2481 G·
917 2440 1139 2494 scorpionum
1154 2469 1167 2487 ‚
1200 2439 1460 2495 reliquorumque
