1600 2902
342 189 426 237 DE
459 186 952 238 ARCHITECTURA
985 188 1094 235 LIB.
1129 189 1164 249 Ι.
1326 203 1384 254 25

129 301 290 346 locum
340 300 647 359 pestilentem.
705 300 825 342 Item
875 298 906 341 fi
951 296 1210 342 secundum
1261 312 1389 344 mare

129 383 267 418 erunt
308 372 495 418 moenia
519 408 532 428 ‚
587 367 961 432 speciabuntque
1008 370 1066 414 ad
1106 368 1389 424 meridiem,

129 456 210 488 aut
242 443 300 488 ad
332 445 628 489 occidentem
649 477 663 499 ‚
698 459 796 488 non
833 454 971 488 erunt
1004 442 1230 496 salubria3
1273 443 1387 501 quia

125 532 208 577 per
240 516 455 563 aestatem
492 518 678 561 coelum
715 515 1030 560 meridianum
1060 515 1151 559 sole
1175 514 1390 559 exorien-

128 598 176 632 te
204 588 411 643 calescit,
443 588 635 634 meridie
666 587 810 632 ardet.
851 587 970 632 Item
995 621 1008 642 ,
1049 586 1184 646 quod
1215 582 1387 647 l'pefflat

127 661 185 706 ad
222 662 520 709 occidentem
541 697 554 718 ‚
590 663 684 706 sole
718 672 881 706 exorto
927 662 1120 721 tepescit
1145 695 1156 715 ,
1190 661 1388 708 meridie

128 737 269 790 calet,
308 736 496 795 vespere
532 736 690 780 fervet.
725 734 871 797 Igitur
900 734 1244 779 mutationibus
1273 735 1390 780 calo·

129 808 188 852 ris
218 807 258 851 Sc
290 807 643 870 refrigerationis
670 839 684 862 ‚
725 822 920 866 corpora
947 822 1067 865 quae
1107 806 1155 850 in
1194 806 1243 849 iis
1275 805 1391 850 locis

131 880 259 936 sunt,
289 881 522 927 vitiantur.
577 880 682 924 Hoc
717 892 877 924 autem
910 878 1018 923 licet
1049 876 1389 922 animadvette-

128 967 177 996 re
204 954 341 999 etiam
362 969 420 998 ex
448 953 529 1010 iis,
560 969 681 1012 quae
703 967 800 997 non
827 951 936 995 sunt
955 949 1181 995 animalia.
1217 949 1270 993 In
1299 949 1391 994 cel·

124 1022 176 1066 lis
211 1024 338 1068 enim
377 1024 559 1069 vinariis
609 1021 771 1080 melis,
802 1023 982 1068 lumina
1015 1039 1158 1067 nemo
1201 1021 1326 1081 capit
1362 1038 1389 1067 a

126 1096 319 1140 meridie
344 1130 356 1152 ,
395 1112 481 1143 nec
516 1094 576 1142 ab
611 1097 887 1153 occidente,
933 1094 1011 1139 sed
1041 1111 1065 1138 a
1096 1092 1392 1154 septemtrio-

126 1186 218 1225 ne;
265 1170 399 1230 quod
442 1188 494 1216 ea
529 1172 655 1235 regio
689 1173 825 1217 nullo
857 1183 1072 1230 tempore
1104 1169 1391 1214 mutationes

126 1241 314 1300 recipit,
342 1242 422 1285 sed
451 1243 511 1287 est
544 1243 672 1287 firma
701 1253 960 1303 perpetuo,
990 1242 1030 1289 8<
1065 1241 1388 1286 immutabilis„

128 1314 242 1361 Ideo
273 1315 414 1361 etiam
446 1314 486 1360 8c
514 1315 716 1378 granaria
739 1350 754 1372 ‚
802 1332 922 1376 quae
964 1315 1023 1359 ad
1060 1314 1163 1359 solis
1200 1313 1388 1359 cursum

127 1385 364 1448 speciant,
398 1388 661 1435 bonitatem
688 1390 782 1435 cito
820 1400 1037 1445 mutant,
1068 1387 1388 1447 obsoniaque,

127 1460 168 1506 &-
194 1477 360 1521 poma,
385 1478 504 1521 quae
529 1478 627 1507 non
656 1463 704 1508 in
733 1480 784 1509 ea
802 1462 920 1509 coeli
947 1473 1077 1523 parte
1112 1470 1390 1521 ponuntur,

130 1550 248 1594 quae
277 1536 337 1580 est
362 1536 512 1581 aversa
543 1552 567 1579 a
599 1535 702 1580 solis
740 1535 909 1592 cursu,
950 1550 1049 1580 non
1085 1534 1168 1578 diu
1204 1533 1388 1577 servan-

126 1618 216 1651 tur.
254 1606 375 1651 Nam
404 1607 583 1667 semper
616 1608 738 1653 calor
773 1622 883 1652 cum
908 1605 1154 1665 excoquit,
1186 1620 1210 1649 a
1245 1603 1388 1649 rebus

125 1679 396 1726 firmitatem
421 1681 557 1741 eripit
582 1715 596 1736 ,
628 1681 668 1729 8,·
687 1679 939 1741 vaporibus
973 1678 1158 1724 fervidis
1178 1690 1388 1739 exugen-

129 1752 193 1796 do
223 1754 452 1799 naturales
481 1754 675 1799 virtutes
697 1785 710 1809 ‚
757 1752 959 1798 dissolvit
990 1768 1090 1807 ρᾶς,
1133 1749 1173 1795 86
1204 1749 1387 1794 fervore

131 1824 452 1870 mollescentes
478 1826 614 1871 efficit
642 1825 920 1871 imbecillas:
963 1838 1016 1868 ut
1046 1823 1185 1868 etiam
1216 1822 1265 1865 in
1296 1819 1389 1864 fer-

127 1911 178 1939 10
208 1897 654 1953 animadvertimus,
701 1897 836 1957 quod
878 1896 1090 1957 quamvis
1131 1906 1294 1940 natura
1329 1891 1384 1936 fit

130 1965 329 2025 durum,
366 1969 413 2014 in
440 1969 707 2017 fornacibus
740 1970 798 2016 ab
832 1970 948 2032 ignis
973 1984 1146 2028 vapore
1181 1965 1384 2026 percale-

129 2037 301 2087 fitium
336 2043 398 2088 ita
428 2044 687 2095 mollescit,
738 2045 807 2088 uti
849 2044 897 2087 in
939 2059 1079 2087 omne
1115 2055 1258 2103 genus
1295 2037 1387 2082 for·

130 2128 234 2157 mae
258 2113 447 2161 faciliter
475 2117 754 2162 {abriceturz
795 2116 834 2160 ἃ
872 2116 995 2160 idem
1027 2131 1135 2159 cum
1167 2113 1309 2158 molle
1340 2110 1382 2155 8c

128 2184 330 2230 candens
360 2187 443 2241 est,
471 2189 501 2232 {i
538 2188 827 2251 refrigeretur
863 2186 1063 2233 tinelum
1099 2185 1282 2247 frigida,
1312 2193 1385 2228 13⁴

131 2259 359 2315 durescit,
401 2261 441 2307 Sc
476 2263 727 2308 restituitur
765 2266 810 2308 in
846 2265 1087 2322 antiquam
1122 2261 1383 2321 proprieta-

126 2341 237 2375 tem.
281 2330 408 2375 Licet
439 2333 575 2379 etiarn
619 2336 901 2380 confidem-c
934 2336 1043 2378 hacc
1079 2335 1137 2376 ita
1171 2333 1255 2376 elle
1276 2367 1288 2388 ‚
1323 2347 1382 2378 ex

131 2420 219 2459 eo,
264 2404 396 2464 quod
433 2408 621 2462 aestate,
658 2423 754 2452 nou
794 2410 943 2453 sulum
982 2408 1027 2450 in
1063 2406 1384 2465 pestilentibus

129 2477 238 2523 locis
259 2511 274 2536 ,
309 2478 388 2525 sed
428 2479 568 2525 etiam
598 2479 646 2522 in
673 2481 929 2528 salum-ibus
950 2514 961 2535 ς
999 2479 1154 2525 omnia
1189 2494 1383 2541 corpora
