1600 2902
257 133 352 181 294
499 115 571 163 M,
608 114 905 161 VITRUVII
940 116 1278 164 POLLIONIS

256 222 463 276 ciosum,
495 221 535 267 Sc
569 221 628 265 ad
654 221 790 265 usum
820 221 1060 266 celeritatis
1093 223 1397 283 expeditum3
1434 220 1517 266 sed

257 296 308 338 in
338 311 394 339 eo
421 294 526 339 dare
555 310 744 353 operam
772 310 872 339 non
904 293 1093 353 poffunt
1128 296 1207 340 nisi
1238 296 1385 356 periti.
1443 294 1516 339 Est

258 366 387 410 enim
420 366 633 428 tignum,
659 366 793 425 quod
823 366 1067 427 erigitur&
1090 366 1328 412 distinetur
1354 369 1518 412 retina-

256 439 375 483 culis
399 437 751 497 quadrifariam:
788 438 872 483 sub
903 438 1166 484 retinaculis
1184 440 1393 485 chelonia
1418 440 1516 484 duo

256 512 500 574 figuntur,
538 513 742 558 trochlea
784 513 974 558 funibus
1008 515 1141 574 supra
1174 515 1386 559 chelonia
1417 514 1520 559 reli-

255 594 406 646 gatur.
444 583 542 628 Sub
569 586 773 629 trochlea
808 587 963 648 regula
998 588 1136 649 longa
1167 587 1343 631 circiter
1374 586 1518 646 pedes

259 656 408 713 duos,
443 659 530 702 lata
564 659 732 721 digitos
762 660 868 715 sex,
911 659 1042 704 craffa
1072 672 1303 720 quatuor,
1343 661 1519 720 suppo-

256 728 401 774 nitur.
441 730 700 775 Trochleae
725 743 880 777 ternos
909 732 1097 776 ordines
1126 733 1446 778 orbiculorum
1470 732 1520 775 in

257 802 561 848 latitudinem
604 805 824 849 habentes
863 806 1175 850 collocantur:
1219 805 1282 849 ita
1312 817 1400 850 tres
1434 804 1521 848 du-

256 871 384 920 ‹starii
417 875 551 920 funes
570 877 618 920 in
653 877 838 922 summo
869 878 1106 923 machinae
1136 878 1396 940 religantur.
1429 876 1520 920 De-

256 947 372 991 inde
403 947 666 993 referuntur
709 950 768 994 ad
810 949 952 994 imam
989 950 1244 994 trochleam
1266 984 1278 1005 ,
1320 949 1361 995 ὃς
1398 946 1522 992 traii-

259 1020 454 1065 ciuntur
498 1037 556 1065 ex
597 1021 816 1067 interiore
855 1034 984 1082 parte
1022 1039 1104 1082 per
1149 1022 1245 1067 eius
1286 1021 1521 1065 orbiculos

258 1090 481 1136 summos.
517 1093 707 1139 Deinde
740 1094 1003 1139 referuntur
1035 1095 1092 1139 ad
1124 1094 1407 1154 superiorem
1425 1103 1523 1136 tro-

262 1165 440 1210 chlearn
458 1200 470 1220 ,
499 1165 538 1211 Sc
568 1167 861 1212 traiiciuntur
887 1168 944 1212 ab
980 1168 1205 1212 exteriore
1231 1178 1360 1227 parte
1381 1167 1426 1210 in
1452 1165 1522 1210 in-

261 1239 479 1284 teriorem
508 1257 590 1301 per
621 1242 855 1286 orbiculos
882 1242 1013 1285 imos.
1057 1240 1178 1285 Cum
1198 1239 1523 1285 descenderint

259 1312 321 1356 ad
356 1313 536 1370 imum,
571 1331 628 1359 ex
661 1314 877 1359 interiore
910 1325 1071 1373 parte,
1107 1314 1147 1359 8:
1177 1330 1261 1373 per
1295 1312 1521 1357 secundos

262 1386 500 1433 orbiculos
540 1388 852 1433 traducuntur
893 1387 941 1432 in
976 1388 1284 1442 exteriorem,
1335 1387 1376 1431 8c
1404 1384 1522 1428 refe-

259 1471 430 1504 runtur
464 1462 510 1504 in
542 1462 781 1506 summum
812 1462 870 1505 ad
901 1463 1131 1506 orbiculos
1148 1460 1397 1515 secundos,
1431 1472 1522 1503 tra-

259 1531 365 1578 iecti
401 1536 606 1581 redeunt
643 1537 701 1579 ad
735 1536 912 1580 imum:
947 1554 1006 1581 ex
1040 1538 1136 1580 imo
1165 1535 1428 1581 referuntur
1461 1534 1521 1578 ad

261 1618 432 1666 caput,
464 1608 504 1653 gc
542 1606 712 1654 traiec‘fi
742 1626 825 1668 per
866 1610 1070 1654 summos
1105 1609 1305 1654 redeunt
1332 1609 1391 1653 ad
1425 1625 1523 1651 ma-

263 1679 452 1723 chinam
473 1681 628 1726 imam.
648 1683 703 1726 In
723 1682 874 1726 radice
891 1694 1048 1726 autem
1069 1681 1310 1725 machinae
1330 1682 1522 1725 colloca-

262 1761 339 1795 tur
364 1753 499 1796 tertia
518 1753 730 1799 troclilea.
779 1753 892 1798 Eam
921 1765 1079 1797 autern
1108 1752 1270 1797 Graeci
1291 1753 1520 1808 ἐπάγοντα,

261 1823 403 1870 nostri
423 1838 712 1871 artemonem
737 1828 983 1886 appellant.
1006 1826 1065 1870 Ea
1082 1826 1286 1870 trochlea
1306 1826 1521 1887 religatur

261 1896 321 1940 ad
343 1898 582 1943 machinae
608 1898 809 1944 radicem
841 1899 1015 1942 habens
1046 1898 1279 1942 orbiculos
1303 1908 1409 1951 treS‚
1434 1912 1520 1956 per

263 1983 385 2027 quos
417 1966 587 2014 traiecti
607 1969 739 2014 funes
772 1970 1024 2015 traduntur
1053 1969 1325 2014 hominibus
1344 1968 1403 2012 ad
1434 1969 1521 2013 du-

263 2040 484 2085 cendum.
539 2041 605 2085 Ita
640 2053 728 2086 tres
760 2042 947 2086 ordines
977 2041 1227 2086 hominum
1262 2040 1519 2095 ducentes,

262 2111 358 2156 fine
391 2125 566 2173 ergata,
603 2113 807 2159 celeriter
839 2130 958 2159 onus
981 2114 1040 2158 ad
1072 2115 1311 2159 summum
1346 2112 1520 2173 perdu-

263 2196 391 2229 cunt.
435 2185 539 2229 Hoc
577 2201 722 2247 genus
755 2185 996 2230 machinae
1029 2185 1324 2246 polyspaston
1358 2185 1519 2243 appel-

261 2258 410 2314 latur,
449 2259 582 2318 quod
618 2259 775 2304 multis
812 2259 1133 2304 orbiculorum
1168 2257 1519 2303 circuitionibus

261 2330 304 2377 Sc
331 2330 598 2376 facilitatem
625 2332 854 2376 summam
886 2330 1104 2391 praestat,
1145 2331 1185 2376 8c
1217 2331 1513 2375 celeritatem.

262 2401 368 2449 Una
399 2416 558 2450 autem
588 2404 773 2450 statutio
794 2403 909 2467 tigni
933 2404 1051 2448 hanc
1072 2402 1213 2448 habet
1243 2401 1517 2457 utilitatem,
