1600 2902
235 117 327 180 328
487 116 556 161 M.
591 116 885 164 VITRUVII
919 120 1254 169 POLLIONIS

232 225 436 269 volutae.
470 223 590 268 Item
624 223 851 268 habuerat
882 221 1195 283 proietf'turam
1235 241 1294 271 ex
1326 227 1496 272 tabuli³

233 308 329 342 arte
366 295 656 358 compadlam
695 298 736 344 8c
771 299 1009 343 confixam
1039 300 1316 345 rudentibus
1345 300 1494 345 maio-

232 369 361 414 ribus
392 371 618 424 extentis,
656 387 738 430 per
770 387 970 430 quarum
999 370 1256 430 asperitates
1291 389 1389 417 non
1425 375 1491 417 la-

233 439 457 487 bentibus
482 442 683 502 pedibus
715 441 907 487 faciliter
937 442 995 486 ad
1031 460 1224 488 murum
1247 446 1494 505 pervenie-

234 513 387 559 batur.
428 514 589 575 Atque
629 532 679 560 ea
714 516 929 560 machina
976 515 1055 560 sex
1091 516 1243 561 modis
1275 519 1496 563 moveba-

234 597 314 631 tur
334 622 347 643 ‚
387 588 620 651 progressu
641 622 652 643 ‚
684 589 798 632 item
839 590 980 634 latere
1013 589 1175 633 dextra
1210 606 1261 634 ac
1294 591 1493 646 finistra3

233 655 530 717 porrectione
563 674 662 703 non
696 659 852 704 minus
877 660 926 703 in
961 659 1260 705 altitudinem
1297 662 1494 706 extolle-

233 730 404 786 batur,
433 733 473 775 Sc
508 732 557 775 in
598 732 748 776 imum
794 732 1097 777 inclinatione
1148 732 1494 778 demittebatur.

232 801 507 864 Erigebatur
545 818 703 848 autem
743 804 957 848 machina
1001 804 1048 848 in
1087 804 1388 848 altitudinem
1433 804 1495 849 ad

234 874 562 920 disiiciendum
596 893 788 922 murum
825 877 1006 922 circiter
1037 877 1181 937 pedes
1216 889 1255 920 C.
1308 876 1428 920 Item
1467 892 1495 920 a

230 947 374 991 latere
407 947 568 992 dextra
601 965 652 993 ac
690 949 857 995 sinistra
892 949 1214 1010 procurrendo
1238 984 1250 1005 ,
1282 948 1495 1008 perstrin-

231 1020 372 1080 gebat
408 1036 507 1064 non
543 1023 697 1067 minus
739 1023 883 1083 pedes
921 1037 960 1067 c.
1020 1022 1360 1068 Gubernabant
1390 1038 1492 1066 earn

230 1091 448 1137 homines
479 1107 535 1149 C,
579 1095 835 1140 habentem
877 1096 1066 1156 pondus
1103 1097 1335 1140 talentum
1381 1111 1492 1154 qua·

230 1176 340 1210 tuor
374 1168 607 1225 millium,
643 1170 778 1229 quod
808 1170 861 1214 fit
895 1183 1148 1215 CCCCLXXX
1178 1169 1359 1231 pondo.

557 1282 594 1327 C
615 1281 655 1326 A
677 1283 712 1327 Ρ
738 1282 777 1328 U
796 1282 840 1327 T
904 1285 950 1333 X
984 1283 1031 1328 X
1065 1285 1085 1329 I
1125 1285 1159 1328 Ι.

315 1367 384 1413 De
410 1373 752 1434 repugnatoriis;
801 1372 841 1415 <L-
875 1374 1002 1415 totius
1030 1373 1162 1435 operis
1183 1374 1408 1435 peroratio.

293 1463 368 1507 De
389 1464 711 1525 scorpionibus
729 1466 769 1512 Sc
788 1467 1030 1525 catapultis
1051 1466 1091 1512 Sc
1111 1466 1278 1511 balistis
1292 1501 1305 1521 ‚
1331 1467 1490 1511 etiam-

230 1550 327 1592 que
353 1535 662 1579 testudinibus
694 1535 734 1579 Sc
767 1536 997 1591 turribus,
1031 1552 1152 1594 quae
1179 1537 1380 1582 maxime
1404 1537 1492 1581 mi-

229 1605 278 1648 hi
307 1606 591 1651 videbantur
618 1607 786 1651 idonea
806 1641 819 1663 ‚
843 1607 882 1653 ἒς
911 1625 935 1651 a
959 1609 1132 1667 quibus
1159 1607 1300 1652 effent
1322 1610 1490 1653 inven-

229 1688 303 1732 ta,
337 1677 378 1722 86
411 1678 819 1737 quemadmodum
849 1679 945 1722 fieri
975 1679 1229 1734 deberent,
1267 1679 1486 1739 explicui.

229 1750 463 1795 Scalarum
484 1764 639 1795 autem
665 1751 1083 1807 &carchefiormm
1110 1752 1150 1797 8c
1167 1768 1352 1807 eorum,
1376 1769 1491 1812 quo-

228 1840 335 1868 rum
364 1824 563 1869 rationes
589 1826 696 1868 lunt
722 1824 1071 1875 imbecilliores„
1093 1839 1190 1868 non
1215 1823 1389 1869 nece-sse
1407 1826 1490 1869 ha·-

230 1897 319 1940 bui
349 1896 558 1942 scribere.
612 1897 740 1942 Haec
777 1897 917 1941 etiam
953 1896 1122 1940 milites
1154 1913 1234 1955 per
1259 1896 1302 1940 se
1336 1896 1487 1942 solent

228 1969 377 2014 facere
395 2004 407 2026 ,
429 1987 586 2028 neque
616 1987 667 2014 ea
693 1970 784 2030 ipsa
815 1970 1037 2014 omnibus
1067 1969 1203 2023 locis,
1225 1984 1382 2028 neque
1403 1971 1488 2014 eis-

230 2040 338 2084 dem
371 2041 627 2086 rationibus
659 2040 846 2100 possunt
887 2042 1015 2084 utilia
1044 2040 1152 2095 esse,
1187 2040 1321 2098 quod
1353 2039 1489 2084 diffe-

228 2126 381 2160 rentes
399 2114 505 2158 sunt
525 2114 810 2159 munitiones
829 2113 1174 2158 munitionibus
1188 2146 1200 2167 ,
1220 2112 1490 2157 nationum-

230 2203 327 2246 que
359 2187 669 2232 fortitudines.
712 2188 929 2246 Namque
954 2187 1038 2232 alia
1065 2189 1242 2232 ratione
1263 2186 1320 2230 ad
1339 2185 1484 2230 auda*

230 2275 305 2304 ces
340 2259 378 2303 gc
406 2261 701 2314 temerarios,
746 2260 830 2303 alia
865 2260 925 2303 ad
954 2259 1221 2321 diligentes,
1258 2257 1387 2302 aliter
1424 2256 1483 2301 ad

229 2331 420 2376 timidos
453 2332 816 2377 machinationes
851 2330 1029 2375 debent
1064 2330 1334 2390 comparari.
1389 2328 1484 2371 Ita-

232 2417 327 2464 que
358 2403 428 2449 his
455 2401 893 2466 praescriptionibus
925 2401 956 2447 fi
989 2402 1092 2464 quis
1125 2400 1367 2447 attendere
1398 2414 1486 2444 vo-
