1600 2902
258 129 350 178 3¹2
507 113 572 158 M.
606 113 896 159 VITRUVII
931 114 1267 162 POLLIONIS

256 219 467 265 sonando
492 219 665 281 singula
685 220 827 264 millia
853 220 989 264 exisse
1015 224 1293 267 monebunt.
1339 220 1518 267 Nume-

257 308 333 338 rus
364 307 473 336 vero
509 293 796 337 calculorum
831 309 890 336 ex
923 293 1020 336 imo
1053 293 1302 351 coneum,
1336 294 1517 338 summa

258 363 417 408 diurni
445 363 766 409 milliariorum
794 364 967 408 itineris
995 380 1246 410 numerum
1274 367 1514 411 indicabit.

258 436 649 498 Navigationibus
677 454 786 481 vero
803 471 815 492 ‚
837 437 1043 481 similiter
1060 440 1216 497 paucis
1234 439 1369 483 rebus
1387 457 1516 484 corn-

258 511 484 560 mutatis,
540 511 703 556 eadem
744 512 924 555 ratione
962 511 1237 556 efficiuntur.
1295 513 1517 572 Namque

259 582 485 629 traiicitur
508 600 592 644 per
621 585 761 628 latera
786 584 1017 644 parietum
1048 584 1168 637 axis,
1196 585 1369 630 habens
1389 598 1518 630 extra

260 670 430 699 navem
471 655 786 715 prominentia
821 655 999 716 capita,
1036 656 1084 700 in
1117 672 1237 716 quae
1265 656 1519 701 includun-

262 738 342 773 tur
360 740 486 773 rotae
526 728 757 774 diametro
788 730 967 788 pedum
994 742 1303 788 quaternum,
1340 729 1520 774 haben-

262 810 329 846 tes
359 801 474 846 circa
504 801 677 846 frontes
707 803 857 847 affixas
884 803 1048 863 pinnas
1074 820 1247 862 aquam
1266 813 1519 865 tangentes.

260 873 381 917 Item
411 873 595 918 medius
629 875 722 918 axis
756 875 806 919 in
836 875 990 920 media
1023 876 1129 919 navi
1159 876 1299 920 habet
1329 886 1518 936 tympa-

260 958 409 998 num,
441 960 549 989 cum
584 960 681 988 uno
720 943 962 990 denticulo
994 945 1186 990 exstanti
1219 957 1345 990 extra
1385 944 1514 989 suam

260 1015 617 1061 rotunditatem.
652 1016 729 1061 Ad
763 1033 872 1061 eum
908 1019 1067 1061 locum
1097 1018 1349 1061 collocatur
1383 1017 1519 1060 locu·-

259 1088 521 1132 lamentum
544 1123 557 1144 ,
589 1089 763 1134 habens
793 1090 1021 1135 inclusum
1051 1090 1099 1133 in
1128 1089 1171 1133 se
1200 1101 1483 1150 tympanum
1504 1121 1521 1143 ‚

260 1162 550 1222 peraequatis
582 1163 802 1209 dentibus
842 1163 1193 1225 quadringentis
1230 1164 1519 1207 convenien-

259 1235 385 1280 tibus
418 1235 658 1282 denticulo
696 1237 941 1297 tympani,
982 1235 1115 1296 quod
1149 1236 1211 1280 est
1241 1237 1290 1280 in
1327 1252 1413 1280 axe
1447 1235 1520 1279 in·-

260 1307 473 1353 clusum:
515 1320 748 1367 praeterea
790 1308 849 1353 ad
884 1310 1002 1353 latus
1039 1308 1228 1355 affixum
1263 1307 1518 1352 exstantem

261 1392 388 1425 extra
416 1383 758 1428 rotunditatem
790 1385 988 1428 alterum
1021 1381 1225 1426 dentem.
1264 1381 1420 1425 Unum
1450 1380 1520 1423 in·-

261 1451 398 1510 super
433 1454 479 1496 in
520 1456 665 1499 altero
696 1455 1015 1499 loculamento
1057 1469 1166 1497 curn
1202 1469 1258 1497 eo
1291 1453 1514 1509 confixo,

261 1524 493 1568 inclusum
522 1536 804 1586 tympanum
838 1527 1035 1585 planum
1070 1525 1126 1568 ad
1166 1525 1372 1569 eundem
1408 1540 1517 1568 mo-

263 1600 380 1645 dum
428 1599 707 1657 dentatum,
751 1601 924 1660 quibus
963 1600 1184 1644 dentibus
1224 1600 1518 1654 denticulus,

263 1672 348 1731 qui
373 1672 434 1716 est
461 1673 517 1717 ad
548 1675 664 1719 latus
693 1676 814 1719 fixus
839 1688 1066 1735 tympano
1082 1706 1094 1728 ,
1115 1672 1249 1732 quod
1275 1674 1334 1717 est
1356 1673 1403 1716 in
1423 1673 1521 1716 cul-

262 1754 336 1787 tro
376 1746 655 1789 collocatum
679 1780 693 1801 ‚
738 1746 786 1790 in
818 1762 895 1790 eos
928 1745 1090 1789 dentes
1127 1745 1209 1803 qui
1250 1744 1355 1789 sunt
1390 1745 1519 1804 plani

262 1818 477 1878 tympani
497 1851 508 1873 ‚
539 1818 722 1881 singulis
758 1819 1089 1864 versationibus
1121 1819 1318 1881 singulos
1358 1817 1520 1862 dentes

261 1890 554 1951 impellendo
582 1891 630 1935 in
660 1893 846 1948 orbem,
883 1895 1076 1951 planum
1112 1903 1392 1952 tympanum
1417 1907 1520 1934 ver-

263 1963 341 2007 set.
386 1964 439 2009 In
476 1966 615 2023 plano
652 1977 810 2009 autem
842 1977 1072 2027 tympano
1111 1964 1336 2009 foramina
1372 1963 1516 2019 fiant,

264 2034 314 2079 in
347 2036 520 2094 quibus
547 2035 852 2081 foraminibus
883 2036 1240 2081 collocabuntur
1260 2034 1424 2080 calculi
1443 2050 1521 2078 ro-

265 2107 423 2153 tundi.
468 2109 521 2152 In
555 2109 686 2153 theca
718 2108 812 2154 eius
845 2109 1059 2169 tympani
1083 2109 1202 2169 (five
1237 2109 1521 2152 loculamen-

266 2189 372 2225 tum
403 2180 492 2237 est)
518 2196 668 2226 unum
704 2180 912 2225 foramen
946 2193 1224 2236 excavetur,
1251 2179 1424 2224 habens
1447 2195 1521 2223 ca-

267 2253 547 2309 naliculum,
581 2271 671 2314 qua
697 2256 898 2300 calculus
925 2254 1142 2299 liberatus
1176 2253 1234 2297 ab
1264 2250 1485 2297 obstantia
1503 2283 1518 2305 ,

266 2340 381 2372 curn
421 2326 636 2371 ceciderit
666 2326 714 2371 in
746 2344 821 2371 vas
852 2343 1070 2383 aereum,
1108 2326 1312 2372 sonitum
1353 2322 1522 2384 fignifi-

270 2410 356 2447 cet.
407 2399 478 2446 Ita
504 2401 630 2450 navis
670 2416 783 2446 cum
819 2399 1034 2446 habuerit
1067 2399 1301 2460 impetum
1332 2406 1412 2441 aut
1445 2410 1517 2440 re-
