1600 2902
219 157 320 221 258⁷
466 157 534 203 M.
568 155 860 203 VITRUVII
889 157 1174 206 POLLION
1178 158 1229 205 IS

214 265 409 311 exsilivit
440 264 613 327 gaudio
646 274 806 309 motus
850 263 909 308 de
950 264 1090 322 solio,
1127 266 1170 313 Sc
1212 265 1367 313 nudus
1402 282 1483 311 va-

214 337 329 382 dens
359 338 561 382 domurn
591 336 771 393 versus,
803 337 1086 401 significabat
1114 341 1231 384 clara
1266 357 1381 385 voce
1415 341 1484 384 in-

213 407 385 454 veniffe
406 409 537 469 quod
565 421 820 468 quaereret.
863 410 984 454 Nam
1011 425 1195 454 currens
1215 412 1481 458 identidem

216 482 394 527 Graece
419 482 648 526 clamabat
677 483 849 539 Εὕρηκα,
874 486 1023 539 εὕρηκα.
1061 483 1190 527 Tum
1213 500 1323 529 vero
1346 501 1405 529 ex
1430 501 1487 529 eo

214 554 500 599 inventionis
543 552 738 616 ingressu
783 554 896 598 duas
932 553 1102 598 dicitur
1140 554 1288 600 feciffe
1329 555 1484 601 massas

211 643 368 687 aequo
388 628 627 688 pondere,
671 643 771 687 quo
796 626 934 671 etiam
956 626 1105 671 fuerat
1124 636 1320 683 corona,
1343 645 1489 674 unam

212 718 271 747 ex
299 718 442 758 auro,
470 703 661 747 alteram
689 717 748 745 ex
781 711 987 764 argento.
1047 699 1172 745 Cum
1201 701 1264 746 ita
1292 701 1458 747 fecisset
1476 737 1492 759 ‚

212 791 291 821 vas
318 778 532 836 amplum
561 775 620 820 ad
651 774 833 820 summa
862 775 986 819 labra
1015 774 1233 836 implevit
1264 791 1413 835 aqua,
1437 777 1489 821 in

214 867 314 911 quo
358 851 538 895 demifit
574 861 837 911 argenteam
877 847 1076 894 massam.
1135 847 1280 893 Cuius
1313 860 1491 908 quanta

214 923 498 986 magnitudo
534 924 581 968 in
612 924 713 968 vase
747 921 950 984 depressa
983 922 1044 968 est
1066 957 1079 977 ‚
1116 933 1305 967 tantum
1337 937 1488 981 aquae

215 997 409 1041 effluxit.
475 995 543 1040 Ita
577 1007 796 1055 exempta
831 993 986 1050 massa,
1027 1008 1208 1053 quanto
1237 994 1393 1039 minus
1428 993 1494 1038 fa·

215 1066 346 1115 {inm
373 1070 521 1115 fuerat
550 1069 752 1124 refudit,
778 1068 973 1113 sextario
1006 1067 1216 1123 mensus,
1242 1079 1298 1111 ut
1319 1067 1492 1113 eodem

215 1142 398 1199 modo,
442 1159 540 1202 quo
572 1143 699 1202 prius
732 1141 912 1196 fuerat,
949 1141 1006 1185 ad
1041 1140 1169 1185 labra
1198 1148 1491 1198 aequaretur.

216 1216 285 1261 Ita
319 1233 378 1261 ex
404 1233 460 1261 eo
486 1215 695 1270 invenit,
727 1224 963 1274 quantum
997 1213 1056 1257 ad
1089 1223 1272 1257 certum
1304 1210 1494 1269 pondus

217 1290 399 1352 argenti
434 1303 554 1334 certa
585 1305 733 1348 aquae
766 1287 978 1332 mensura
1000 1285 1317 1346 responderet.
1366 1283 1491 1328 Cum

220 1363 271 1409 id
305 1375 523 1423 expertus
549 1361 688 1416 effet,
722 1372 828 1406 tum
859 1376 1044 1404 auream
1074 1356 1260 1402 maffam
1288 1356 1493 1400 {imiliter

220 1436 367 1494 pleno
404 1434 502 1478 vase
534 1431 746 1487 demisit,
787 1432 828 1477 8c
864 1447 915 1474 ea
946 1439 1193 1489 exempta,
1230 1426 1393 1470 eadem
1423 1442 1494 1469 ra-

219 1508 350 1553 tione
376 1506 590 1550 mensura
614 1505 798 1560 addita,
827 1503 1009 1548 invenit
1037 1518 1095 1547 ex
1122 1517 1242 1559 aqua
1274 1515 1372 1543 non
1401 1509 1494 1542 tan·

224 1590 332 1624 tum
375 1576 645 1632 defluxiffe,
686 1575 764 1620 sed
803 1586 990 1620 tantum
1030 1573 1212 1627 minus,
1256 1582 1491 1630 quantum

225 1651 383 1695 minus
416 1665 589 1712 magno
613 1664 811 1708 corpore
832 1646 1000 1691 eodem
1030 1645 1245 1705 pondere
1269 1643 1366 1687 auri
1388 1643 1495 1686 mas-

225 1724 269 1768 sa
297 1723 403 1768 effet
436 1738 578 1781 quam
611 1721 804 1783 argenti.
845 1718 1005 1762 Postea
1035 1732 1146 1761 vero
1182 1716 1364 1775 repleto
1394 1713 1493 1758 vase

225 1797 275 1841 in
296 1796 457 1841 eadem
484 1812 606 1855 aqua
634 1794 727 1854 ipsa
753 1806 928 1837 corona
954 1789 1161 1844 demissa,
1188 1787 1368 1832 invenit
1388 1787 1494 1845 plus

224 1881 374 1924 aquae
404 1864 646 1910 defluxisse
680 1864 728 1908 in
762 1878 1011 1917 coronam,
1045 1877 1190 1920 quam
1222 1858 1271 1903 in
1303 1874 1493 1901 auream

226 1938 398 1983 eodem
427 1938 637 1998 pondere
669 1934 854 1981 maffam
878 1955 886 1979 :
925 1934 965 1979 Sc
985 1935 1045 1979 ita
1064 1949 1122 1978 ex
1143 1948 1199 1977 eo
1229 1931 1363 1991 quod
1389 1932 1493 1990 plus

228 2010 494 2055 defluxerat
532 2027 680 2070 aquae
722 2011 770 2056 in
810 2025 1018 2064 corona,
1048 2023 1193 2067 quam
1237 2005 1286 2050 in
1321 2002 1456 2048 maffa
1479 2035 1492 2057 ,

226 2085 551 2138 ratiocinatus,
587 2083 899 2143 deprehendit
932 2079 1109 2144 argenti
1144 2079 1190 2123 in
1223 2093 1335 2123 auro
1371 2076 1495 2119 mix-

226 2157 409 2202 tionem
435 2191 451 2214 ,
502 2156 542 2203 8:
592 2156 888 2201 manifestum
939 2155 1120 2199 furtum
1169 2146 1492 2209 redemptoris.

225 2228 550 2273 Transferatur
570 2244 702 2272 mens
731 2227 789 2271 ad
822 2226 1055 2286 Archytae
1073 2223 1315 2269 Tarentini
1337 2222 1376 2267 Sc
1396 2223 1494 2265 Era·

225 2302 446 2347 tosthenis
477 2300 704 2361 Cyrenaei
745 2300 972 2362 cogitata:
1019 2299 1066 2342 hi
1100 2297 1225 2342 enim
1266 2295 1414 2340 multa
1449 2293 1491 2338 Sc

225 2385 350 2434 grata
384 2389 406 2416 a
448 2371 784 2417 mathematicis
821 2370 960 2414 rebus
992 2369 1267 2413 hominibus
1304 2365 1494 2408 invene-

227 2456 353 2491 runt.
394 2445 559 2506 Itaque
576 2480 588 2501 ,
619 2460 728 2491 cum
758 2444 807 2490 in
830 2444 990 2489 ceteris
1014 2438 1372 2489 inventionibus
1396 2436 1493 2481 fue·
