1600 2902
261 201 343 249 DE
379 199 878 246 ARCHITECTURA
923 200 1031 245 LIB.
1066 201 1126 247 X.
1244 216 1333 265 323

68 307 296 376 perfefflus
326 309 376 353 in
413 320 579 363 torno,
619 308 667 352 in
708 324 807 367 quo
839 307 1026 368 insuper
1060 307 1342 353 constitutus

68 387 204 439 aries,
235 381 510 428 rudentium
547 378 852 426 duelmnibus
886 381 926 425 ὃς
953 378 1338 439 redufflionibus,

69 455 295 502 efficiebat
326 471 518 517 magnos
545 454 693 515 operis
726 451 943 503 effedh133
977 454 1222 516 tegebatur
1255 471 1340 500 au·-

70 540 167 573 tem
200 530 233 572 is
263 529 396 572 coriis
432 527 582 572 crudis
624 526 1038 587 quemadmodum
1071 528 1217 572 turris.
1264 527 1341 572 De

67 602 249 647 terebra
271 603 347 646 has
371 602 597 660 explicuit
616 601 788 661 scriptis
812 602 1024 645 rationes.
1066 600 1215 660 Ipsam
1240 616 1342 644 ma-

69 673 258 719 chinam
280 674 349 717 uti
370 673 655 719 testudinem
682 673 729 716 in
757 673 920 717 medio
955 673 1217 717 habentem
1247 673 1342 717 col·

69 748 278 792 locatum
302 748 348 791 in
370 747 629 792 orthostatis
644 748 849 791 canalem
869 747 1086 802 faciebat,
1121 748 1344 808 quemad·

69 820 275 864 modum
301 821 349 865 in
378 820 619 880 catapultis
639 831 720 864 aut
746 818 913 863 balistis
944 820 1041 863 fieri
1075 819 1213 874 solet,
1238 822 1343 864 lon-

68 893 285 955 gitudine
305 894 578 938 cubitorum
609 905 650 937 L.
682 891 934 936 altitudine
953 892 1132 947 cubiti,
1168 893 1215 936 in
1241 909 1342 952 quo

70 964 440 1008 constituebatur
460 964 708 1008 transversa
727 963 900 1008 sucula.
931 963 984 1008 In
1005 963 1157 1023 capite
1180 977 1343 1009 autem

69 1038 234 1081 dextra
252 1053 303 1083 ac
332 1037 501 1082 sinistra
534 1038 769 1082 trochleae
796 1037 944 1093 duae,
978 1053 1062 1097 per
1097 1052 1210 1096 quas
1236 1053 1344 1081 mo-

69 1110 267 1155 vebatur
300 1110 435 1170 quod
475 1112 620 1154 inerat
652 1111 700 1154 in
730 1127 786 1155 eo
821 1110 967 1155 canali
992 1111 1140 1169 capite
1172 1108 1343 1154 ferrato

68 1181 270 1244 tignum.
311 1182 413 1228 Sub
449 1198 504 1226 eo
534 1195 697 1226 autem
732 1181 831 1241 ipso
869 1181 1016 1226 canali
1054 1181 1215 1226 inclufi
1253 1183 1345 1226 tori

71 1254 294 1299 crebriter
327 1255 565 1299 celeriores
596 1254 636 1297 ὃς
668 1254 1042 1298 vehementiores
1080 1254 1344 1299 efficiebant

71 1328 170 1372 eius
194 1327 376 1373 modus.
410 1326 556 1387 Supra
586 1338 747 1371 autem
776 1327 826 1371 id
861 1328 1070 1389 tignum,
1092 1329 1230 1387 quod
1264 1329 1348 1373 ini-

70 1399 122 1444 bi
142 1411 238 1444 erat
255 1434 267 1454 ,
288 1415 415 1444 arcus
435 1400 693 1462 agebantur
723 1401 784 1444 ad
813 1401 1077 1463 tegendum
1104 1403 1344 1460 canalem,

72 1471 141 1516 uti
172 1471 446 1517 sustinerent
479 1473 661 1517 corium
695 1473 925 1528 crudum,
959 1490 1058 1533 quo
1093 1491 1145 1518 ea
1171 1474 1347 1519 machi-

69 1560 130 1590 na
165 1557 260 1589 erat
292 1546 515 1591 involuta.
558 1545 631 1589 De
673 1561 834 1590 corace
863 1545 980 1590 nihil
1017 1546 1204 1605 putavit
1243 1546 1347 1590 scri-

69 1617 285 1663 bendum
306 1651 318 1673 ‚
349 1618 484 1677 quod
516 1616 912 1662 animadverteret
943 1633 1042 1661 eam
1077 1619 1345 1664 machinam

71 1691 252 1735 nullam
272 1690 441 1735 habere
459 1692 699 1736 virtutem.
724 1691 798 1735 De
819 1690 991 1736 access‘u
1011 1725 1022 1747 ,
1051 1692 1133 1751 qui
1153 1694 1345 1751 ἐπιβάθρα

73 1764 250 1808 Graece
285 1765 477 1821 dicitur,
509 1767 550 1811 Sc
585 1766 643 1810 de
674 1765 860 1809 marinis
894 1765 1346 1823 machinationibus,

71 1850 196 1893 quae
225 1851 307 1894 per
342 1835 499 1879 navim
524 1837 674 1880 aditus
706 1835 875 1880 habere
908 1833 1111 1894 pollent,
1147 1835 1346 1881 scribere

75 1908 121 1951 se
158 1918 345 1952 tantum
386 1908 654 1968 pollicitum
686 1906 770 1952 esse
801 1907 1106 1952 vehementer
1133 1910 1347 1953 animad-

74 1979 225 2033 verti,
266 1995 425 2038 neque
462 1981 662 2025 rationes
712 1996 870 2025 earum
909 1993 1016 2023 eum
1064 1980 1344 2039 explicuiss'e.

75 2052 213 2117 Quae
253 2051 360 2095 sunt
389 2053 447 2096 ab
476 2053 626 2097 Diade
662 2053 721 2098 de
758 2052 982 2098 machinis
1019 2053 1204 2113 scripta,
1236 2056 1348 2114 qui-

76 2121 165 2166 bus
189 2123 274 2168 s1nt
301 2126 757 2184 comparationibus,
780 2126 992 2186 exposui.
1022 2124 1165 2171 Nunc
1187 2144 1346 2187 quem-

76 2197 340 2242 admodum
367 2216 391 2243 a
412 2201 794 2259 praeceptoribus
815 2199 990 2260 accepi,
1028 2199 1068 2246 8:
1099 2200 1228 2245 utilia
1256 2200 1346 2245 rni-

75 2269 125 2314 hi
158 2270 402 2330 videntur,
435 2288 685 2333 exponam.
