1600 2902
235 175 329 232 246
483 168 551 214 M.
588 167 879 214 VITRUVII
913 170 1254 218 POLLIONIS

232 277 451 323 habuerit
480 276 649 338 fastigii.
688 275 887 320 Fortaffe
920 277 1003 335 qui
1037 277 1324 324 Archimedis
1357 278 1499 324 libros

231 350 370 411 legit,
397 348 522 394 dicet
545 365 643 394 non
673 348 795 407 posse
823 349 918 393 fieri
948 365 1102 393 veram
1134 367 1191 394 ex
1216 368 1337 411 aqua
1362 352 1502 395 libra-

230 423 444 477 tionem,
475 422 609 481 quod
651 423 689 466 ei
724 423 877 482 placet
909 438 1078 481 aquam
1110 438 1207 466 non
1238 424 1323 468 effe
1358 425 1496 469 libra-

231 507 325 540 tam
343 530 355 549 ‚
381 494 458 540 sed
487 494 776 554 sphaeroides
807 495 975 539 habere
1004 496 1187 540 schema
1208 530 1220 550 ,
1255 497 1296 542 8c
1319 497 1385 541 ibi
1419 498 1498 542 ha-

231 569 344 614 bere
379 579 627 623 centrum,
659 585 757 627 quo
790 568 880 613 loci
919 568 1061 613 habet
1099 569 1220 613 orbis
1253 581 1489 615 terrarum.

232 641 340 687 Hoc
372 651 530 685 autem
565 641 687 700 (five
718 642 854 700 plana
884 641 945 685 est
971 657 1121 699 aqua,
1154 641 1228 685 seu
1266 640 1499 700 sphaeroi-

232 708 350 773 des)
388 709 564 754 necesse
604 711 664 754 est
701 723 909 755 extrema
939 711 1088 769 capita
1121 711 1284 755 canalis
1312 714 1498 773 regulae

234 783 398 828 dextra
428 799 478 828 ac
508 782 705 838 sinistra,
729 799 839 828 curn
869 782 1031 826 librata
1060 785 1219 845 regula
1252 784 1361 838 erit,
1383 785 1503 842 pari-

233 867 305 901 ter
335 856 551 900 sustinere
580 873 765 916 aquam.
806 855 886 899 Sin
919 869 1076 900 autem
1107 858 1392 915 proclinatus
1415 856 1502 901 erit:

235 943 294 971 ex
325 943 418 971 una
447 938 607 987 parte,
642 943 763 986 quae
801 927 885 971 erit
914 928 1047 971 altior
1080 943 1178 972 non
1213 928 1406 972 habebit
1430 944 1504 972 re-

234 1003 370 1064 gulae
403 1002 569 1046 canalis
602 1002 647 1044 in
683 1000 874 1045 summis
916 1000 1052 1045 labris
1085 1017 1269 1059 aquam.
1338 1000 1506 1045 Neces-

234 1074 279 1120 se
311 1073 437 1118 enim
467 1074 555 1127 est,
584 1089 877 1133 quocunque
908 1089 1026 1132 aqua
1061 1073 1113 1117 sit
1142 1073 1310 1128 infusa,
1338 1073 1385 1116 in
1404 1089 1505 1117 me-

235 1144 316 1189 dio
343 1144 636 1190 inflationem
668 1155 1062 1203 curvaturamque
1093 1144 1290 1200 habere,
1324 1144 1402 1189 sed
1433 1161 1504 1190 ca<

234 1217 333 1276 pita
367 1216 529 1260 dextra
565 1232 615 1260 ac
645 1215 814 1260 finistra
843 1216 963 1260 inter
993 1215 1036 1259 se
1067 1215 1232 1260 librata
1271 1216 1369 1261 effe.
1412 1216 1505 1261 Ex-

237 1289 416 1348 emplar
443 1301 603 1332 autem
641 1287 905 1332 chorobatis
936 1288 1019 1331 erit
1051 1288 1097 1331 in
1129 1300 1340 1334 extremo
1370 1290 1507 1334 volu-

235 1361 367 1406 :mine
401 1361 697 1419 descriptum.
733 1360 789 1404 Et
821 1361 851 1405 fi
884 1362 969 1406 erit
998 1361 1226 1423 fastigium
1251 1378 1498 1424 magnum,

235 1434 414 1479 facilior
446 1436 533 1478 erit
563 1434 780 1478 decursus
809 1451 967 1493 aquae.
1006 1434 1086 1480 Sin
1106 1449 1263 1480 autem
1284 1436 1502 1482 interval-

236 1508 282 1552 la
313 1517 451 1551 erunt
480 1506 719 1563 lacunosa,
753 1506 1172 1554 substrufiionibus
1207 1509 1292 1554 erit
1332 1509 1506 1554 succur-

238 1579 456 1626 xendum„

588 1694 926 1741 CAPUT
991 1696 1165 1741 VII.

239 1777 310 1828 De
339 1777 599 1824 duelionibus
635 1794 868 1838 aquarum:
903 1778 951 1821 de
979 1789 1201 1840 puteorum
1229 1778 1508 1842 foffionz‘bus:

449 1849 497 1893 de
525 1849 737 1910 cisternis,
772 1851 813 1893 <15
844 1849 892 1893 de
905 1849 1092 1909 figninis
1116 1851 1313 1912 operibus.

317 1930 500 1980 DuCius
528 1946 686 1979 autem
721 1950 872 1993 aquae
901 1934 1023 1980 fiunt
1053 1936 1298 1998 generibus
1324 1937 1505 1985 tribus:

239 2007 348 2054 xivis
370 2023 453 2068 per
485 2007 660 2051 canales
690 2003 936 2063 struffiles,
972 2018 1053 2052 aut
1076 2008 1231 2054 fistulis
1251 2012 1505 2070 plumbeis,

240 2079 320 2126 seu
339 2080 516 2125 tubulis
539 2076 754 2124 fiffllibus
771 2114 783 2135 ‚
808 2096 1013 2139 quorum
1043 2081 1127 2126 hae
1156 2081 1263 2127 sunt
1292 2083 1505 2130 rationes.

240 2154 290 2200 Si
320 2155 580 2210 canalibus,
610 2166 661 2199 ut
693 2151 911 2201 struE'tura
944 2156 1021 2201 fiat
1056 2173 1197 2215 quam
1228 2158 1504 2214 solidissima,

240 2226 492 2287 solumque
540 2227 624 2271 rivi
665 2226 943 2272 libramenta
978 2228 1146 2273 habeat
1184 2229 1398 2291 fastigiata
1445 2246 1505 2273 ne

241 2301 400 2346 minus
459 2301 508 2345 in
555 2312 777 2345 centenos
828 2302 969 2360 pedes
1016 2302 1279 2362 semipede:
1332 2319 1507 2361 eaeque

242 2370 491 2419 flruElurae
520 2374 928 2430 confornicentur‚
960 2387 1012 2419 ut
1034 2375 1310 2419 minimesol
1336 2391 1506 2432 aquam

244 2455 412 2510 tangat.
462 2447 684 2507 Cumque
722 2447 902 2493 venerit
938 2448 998 2494 ad
1037 2448 1252 2506 moenia,
1289 2447 1508 2493 efficiatur
