1600 2902
231 217 312 263 DE
343 214 839 261 ARCHITECTURA
872 214 983 260 LIB.
1018 215 1146 261 Vm.
1232 230 1323 278 237

61 324 290 369 seminum
310 355 322 378 ,
359 338 458 367 non
483 337 541 366 ex
568 333 712 366 terrae
744 321 1103 382 proprietatibus
1131 320 1321 366 succum

63 396 292 457 capiendo
327 396 520 440 ederent
553 393 753 450 fructus,
786 411 884 440 uno
916 411 1083 457 genere
1118 393 1325 441 essentia

64 469 283 514 omnibus
324 470 434 513 locis
479 470 519 514 Sc
562 467 827 530 regionibus
871 468 1086 512 omnium
1132 467 1321 528 sapores,

64 542 157 587 Sed
195 541 608 586 animadvertimus
647 540 773 600 apud
810 540 1004 584 insulam
1033 539 1221 586 Lesbon
1256 543 1327 586 vi-

63 629 182 658 num
217 613 496 673 Protyrum,
533 610 799 655 Maeoniam
828 610 1323 668 Catacecaumeniten3

60 687 176 729 item
209 684 409 745 Lydiam
453 683 687 738 Meliton,
724 682 923 727 Siciliam
956 683 1323 739 Mamertinum,

64 757 367 817 Campaniam
402 756 677 810 Falernum,
721 754 770 797 in
803 753 1047 798 Terracina
1083 754 1122 798 Sc
1151 755 1328 800 Fundis

66 828 369 884 Caecubum,
400 828 687 887 reliquisque
723 827 835 871 locis
863 827 1076 886 pluribus
1108 828 1327 874 innume-

64 902 198 947 rabili
233 900 538 945 multitudine
572 915 739 962 genera
772 898 870 944 vini
895 898 1188 959 virtutesque
1215 919 1326 960 pro·

62 973 228 1019 creari:
268 991 387 1033 quae
432 989 532 1018 non
566 975 697 1018 aliter
726 972 915 1034 poffunt
942 973 1063 1031 fieri,
1100 977 1179 1020 nisi
1212 993 1325 1023 cum

65 1059 271 1091 terrenus
311 1047 484 1091 humor
518 1047 605 1091 suis
641 1047 1001 1107 proprietatibus
1028 1047 1246 1107 saporum
1277 1059 1328 1096 'in

63 1119 294 1164 radicibus
323 1120 525 1175 infusus,
568 1120 743 1165 enutrit
766 1119 1031 1174 materiam,
1065 1136 1148 1180 per
1181 1138 1328 1181 quarn

67 1190 304 1252 egrediens
329 1191 388 1234 ad
419 1207 671 1247 cacumen,
705 1190 963 1250 profundat
994 1194 1240 1252 proprium
1258 1196 1328 1240 lo-

66 1263 108 1308 ci
128 1264 168 1309 8c
195 1265 370 1325 generis
402 1265 467 1308 sui
503 1263 675 1310 fructus
706 1264 929 1325 saporem.
964 1265 1111 1332 Quod
1144 1266 1174 1310 fi
1209 1277 1327 1312 terra

66 1336 314 1399 generibus
351 1338 609 1383 humorum
650 1353 749 1382 non
777 1336 883 1382 esset
915 1338 1133 1383 dissimilis
1162 1340 1203 1385 Sc
1236 1341 1328 1386 dis-

65 1419 223 1468 parata
243 1442 256 1464 ,
296 1425 394 1453 non
420 1421 603 1454 tantum
640 1410 685 1453 in
709 1409 838 1470 Syria
869 1409 909 1454 Sc
929 1409 1093 1455 Arabia
1122 1412 1169 1456 in
1187 1429 1329 1458 arun-

64 1479 254 1524 dinibus
287 1480 493 1526 &iuncis
524 1482 773 1540 herbisque
802 1481 1024 1526 omnibus
1046 1484 1186 1530 essent
1211 1488 1329 1533 odo«

64 1569 155 1609 reS,
202 1568 360 1612 neque
399 1554 580 1599 arbores
630 1554 904 1609 thuriferae,
952 1569 1110 1614 neque
1154 1560 1325 1619 piperis

65 1623 230 1669 darent
265 1625 450 1682 baccas,
485 1642 570 1671 nec
602 1629 815 1688 myrrhae
842 1626 1077 1689 glebulas,
1114 1645 1199 1676 nec
1233 1634 1328 1694 Cy-

64 1698 183 1742 renis
216 1699 263 1742 in
298 1698 454 1744 ferulis
472 1701 582 1745 laser
612 1701 898 1758 nasceretur3
931 1705 1076 1749 sedin
1102 1708 1326 1755 omnibus

63 1783 209 1817 terrae
231 1772 498 1835 regionibus
535 1775 574 1820 86
602 1777 712 1820 locis
745 1778 916 1822 eodem
964 1794 1130 1840 genere
1167 1782 1326 1827 omnia

64 1855 428 1903 procrearentur.
479 1846 570 1890 Has
605 1859 765 1892 autem
799 1850 1033 1894 varietates
1057 1850 1326 1913 regionibus

65 1915 108 1960 8c
128 1917 236 1961 locis
262 1917 500 1962 inclinatio
522 1919 688 1963 mnndi
708 1952 722 1972 .,
760 1920 801 1966 Sc
830 1920 931 1964 solis
957 1921 1183 1980 impetus,
1215 1941 1326 1982 pro-

68 1987 172 2047 pius
200 2001 281 2034 aut
317 1991 501 2053 longius
540 1993 722 2036 cursum
766 1992 1007 2049 faciendo,
1048 1996 1156 2039 tales
1189 1997 1326 2042 efficit

65 2070 214 2105 terrae
242 2062 458 2107 humores
486 2083 494 2107 ι
532 2080 651 2122 quae
686 2067 926 2123 qualitates
961 2082 1060 2110 non
1089 2067 1238 2112 solum
1276 2069 1324 2113 in

65 2130 136 2174 his
168 2133 332 2188 rebus,
362 2135 441 2178 sed
480 2137 617 2180 etiam
653 2137 699 2180 in
740 2139 988 2197 pecoribus
1030 2142 1070 2182 b'c
1106 2141 1326 2185 armentis

66 2202 406 2251 discernuntur.
469 2208 596 2254 Haec
628 2225 724 2254 non
764 2210 825 2255 ita
868 2211 1140 2256 dissimiliter
1175 2215 1326 2258 effice-

65 2289 254 2331 rentur,
286 2278 366 2322 nifi
397 2282 696 2340 proprietates
719 2284 996 2346 singularum
1024 2300 1242 2330 terrarum
1275 2287 1323 2332 in

64 2349 334 2410 regionibus
377 2353 432 2397 ad
479 2355 580 2399 {olis
621 2358 895 2415 potestatem
938 2370 1323 2418 temperarentur.

64 2420 186 2467 Sunt
209 2425 331 2468 enim
368 2424 584 2472 Boeotiae
619 2428 814 2474 flumina
844 2431 1065 2490 Cephisos
1095 2433 1133 2475 ἃ
1153 2433 1319 2489 Melas,

64 2491 296 2539 Lucaniae
333 2494 538 2554 Crathis,
573 2498 739 2544 Troiae
762 2499 996 2558 Xanthus,
1035 2502 1179 2560 inque
1209 2503 1321 2565 agris
