1600 2902
229 196 312 243 DE
343 192 835 240 ARCHITECTURA
869 191 978 239 LlB.
1013 192 1139 239 VIII.
1226 205 1313 256 251

60 319 155 366 que
183 315 297 350 terra
328 303 377 346 in
407 302 450 346 se
483 316 656 363 genera.
724 301 798 344 Est
827 301 980 355 enim,
1015 299 1083 343 uti
1115 297 1321 357 reliquae

59 395 128 424 res
149 412 160 431 ‚
203 392 260 420 ex
303 388 505 435 quatuor
540 376 777 436 principiis
811 375 1068 435 composita
1095 409 1108 431 ‚
1156 373 1197 419 8c
1233 372 1324 433 pri-

60 466 194 497 mum
243 449 304 493 est
346 450 438 510 ipsa
479 460 656 493 terrena
683 483 695 504 ,
739 448 982 507 habetque
1024 464 1082 492 ex
1122 449 1323 492 humore

59 538 207 581 aquae
231 521 382 566 fontes
402 540 410 564 ε
448 521 559 565 item
581 521 753 565 calores
769 555 781 576 ‚
808 520 935 565 unde
957 521 1094 564 etiam
1113 519 1324 579 sulphur,

59 595 249 639 alumen
268 629 280 650 ‚
316 595 534 639 bitumen
566 595 786 639 nascitur:
807 596 1012 654 aerisque
1039 594 1219 653 spiritus
1240 593 1328 637 im·

59 682 246 721 manes,
282 667 365 725 qui
403 682 511 710 cum
541 682 695 728 graves
728 682 811 725 per
840 666 1094 710 intervenia
1128 664 1326 710 fistulosa

62 750 208 783 terrae
240 739 520 797 perveniunt
565 738 621 782 ad
664 737 906 782 foffionem
949 750 1238 798 puteorum,
1284 736 1325 784 gc

60 811 129 856 ibi
157 811 370 856 homines
398 810 647 855 offendunt
678 810 929 866 fodientes,
959 810 1157 855 naturali
1184 826 1327 869 vapo-

62 898 111 926 re
139 882 364 927 obturant
392 881 439 924 in
465 897 630 927 eorum
655 881 842 926 naribus
873 881 1053 939 spiritus
1078 881 1325 924 animales:

63 954 127 998 ita
155 954 237 1012 qui
269 969 367 997 non
397 954 587 998 celerius
618 953 730 998 inde
765 953 997 1016 effugiunt
1019 986 1032 1008 ,
1065 952 1132 997 ibi
1169 951 1327 996 interi-

63 1038 275 1072 muntur.
323 1027 429 1087 Hoc
464 1040 622 1072 autem
658 1028 832 1087 quibus
871 1026 1129 1072 rationibus
1167 1041 1328 1071 cavea-

64 1104 173 1156 tu1·‚'
203 1101 262 1145 sic
298 1101 383 1145 erit
417 1100 708 1146 faciundum.
759 1101 971 1146 Lucerna
1020 1099 1204 1145 accensa
1246 1098 1329 1144 de-

65 1173 307 1217 mittatur:
345 1187 465 1231 quae
493 1173 523 1216 fi
553 1172 854 1232 permanserit
886 1173 1078 1227 ardens,
1114 1172 1208 1216 fine
1243 1187 1329 1231 pe-

64 1243 214 1289 riculo
244 1242 563 1289 descendetur.
610 1244 690 1289 Sin
722 1256 882 1290 autem
912 1245 1133 1305 eripietur
1162 1245 1330 1288 lumen

65 1315 114 1360 vi
153 1316 357 1375 vaporis,
396 1328 510 1361 tunc
547 1316 808 1362 secundum
845 1328 1048 1377 puteum
1087 1316 1248 1360 dextra
1277 1330 1330 1360 ac

65 1387 235 1432 finissra
272 1387 575 1433 defodiantur
603 1389 818 1433 aestuaria
838 1422 852 1444 ,
892 1389 953 1433 ita
980 1388 1329 1448 (quemadmo-

66 1460 182 1504 dum
203 1478 285 1520 per
302 1463 457 1522 nares)
487 1460 668 1520 spiritus
696 1477 755 1505 ex
785 1461 1011 1505 aestuariis
1044 1460 1329 1520 dissipabun-

63 1543 152 1578 tur.
191 1531 315 1576 Cum
341 1531 453 1575 haec
473 1530 530 1575 fic
551 1531 778 1590 explicata
798 1531 988 1586 fuerint,
1014 1532 1055 1578 8c
1074 1533 1133 1576 ad
1156 1548 1328 1591 aquam

66 1606 151 1650 erit
184 1615 501 1664 perventum,
537 1615 653 1649 tunc
687 1614 859 1664 puteus
892 1604 954 1649 ita
982 1605 1180 1665 sepiatur
1213 1606 1330 1650 stru-

66 1675 192 1723 &ura
210 1711 223 1733 ,
253 1680 311 1722 ne
339 1677 623 1722 obturentur
641 1693 800 1722 venae.
835 1678 915 1723 Sin
938 1690 1098 1723 autem
1124 1680 1224 1724 loca
1248 1679 1329 1724 du-

64 1768 113 1798 ra
143 1763 304 1806 erunt,
337 1763 418 1795 aut
444 1752 492 1794 in
525 1751 675 1795 imum
707 1767 853 1796 venae
886 1751 1072 1810 penitus
1101 1766 1197 1795 non
1230 1750 1330 1795 fue-

65 1824 184 1878 rint3
224 1835 337 1868 tunc
366 1824 548 1886 signinis
578 1825 798 1883 operibus
841 1842 899 1869 ex
937 1823 1064 1870 tefilis
1095 1837 1175 1869 aut
1201 1843 1225 1869 a
1260 1825 1330 1869 su-

67 1895 328 1955 perioribus
356 1896 467 1940 locis
499 1896 804 1954 excipiendae
836 1896 942 1940 sunt
970 1896 1145 1955 copiae.
1191 1897 1245 1939 In
1279 1896 1331 1940 s1-

70 1968 221 2028 gninis
256 1980 413 2013 autem
444 1968 664 2027 operibus
695 1970 805 2014 haec
841 1971 947 2015 sunt
977 1970 1214 2014 facienda:
1261 1971 1330 2014 uti

71 2055 205 2083 arena
236 2041 441 2099 primum
472 2041 704 2099 purislima
736 2041 1074 2102 asperrimaque
1111 2056 1327 2101 paretur;

71 2126 371 2157 caementum
397 2114 455 2158 de
478 2116 596 2158 filice
625 2115 871 2176 frangatur,
894 2132 952 2160 ne
982 2116 1158 2176 gravius
1185 2132 1328 2174 quam

70 2186 336 2238 librarium3
380 2187 480 2230 calx
512 2203 654 2245 quam
683 2187 1074 2231 veliementillkma
1110 2187 1330 2231 mortario

71 2262 319 2305 misceatur
335 2295 347 2316 ,
382 2261 443 2305 ita
464 2274 516 2307 ut
540 2263 755 2322 quinque
781 2276 930 2323 partes
953 2280 1114 2307 arenae
1138 2262 1194 2305 ad
1218 2262 1330 2306 duas

70 2335 201 2378 calcis
231 2335 564 2393 respondeant3
602 2336 821 2381 mortario
852 2349 1151 2381 caementum
1189 2335 1332 2379 adda-

72 2418 176 2460 tur;
208 2424 265 2451 ex
294 2425 349 2451 eo
382 2408 572 2466 parietes
602 2408 648 2452 iu
677 2408 783 2452 soffa
812 2409 871 2452 ad
905 2408 1236 2462 libramentum
1265 2409 1330 2451 al-

74 2479 286 2525 titudinis
317 2481 500 2527 suturae
528 2480 757 2541 depressa,
789 2484 1024 2527 calcentur
1047 2478 1254 2527 vefiibus
1278 2482 1331 2526 li-
