1600 2902
230 223 323 265 214
477 204 543 251 M.
575 203 865 251 VITRUVII
896 204 1227 255 POLLIONIS

229 322 335 372 pter
361 310 606 355 brevitates
642 326 740 355 non
770 309 958 371 poffunt
988 313 1168 376 colligi,
1209 315 1287 359 sed
1318 315 1365 359 in
1401 331 1481 360 vas

228 399 377 443 aquae
405 394 775 438 converruntur,
814 383 854 428 86
881 384 947 428 ibi
974 385 1090 430 inter
1114 387 1156 431 se
1179 399 1446 450 congruunt
1463 423 1480 445 ‚

227 454 269 502 8<
286 472 378 501 una
403 455 775 502 confunduntur.
813 456 900 501 Eae
917 468 1073 502 autem
1093 492 1106 513 ‚
1128 475 1235 503 cum
1259 461 1343 505 fint
1367 477 1480 519 qua-

226 537 335 571 tuor
355 526 657 572 sextariorum
688 529 945 583 mensurae,
986 545 1093 573 cum
1125 532 1481 590 expenduntur,

225 599 531 644 inveniuntur
557 598 641 644 effe
670 600 836 659 pondo
857 612 1061 646 centum.
1114 601 1233 645 Cum
1248 602 1299 646 in
1320 603 1481 661 aliquo

229 671 331 715 vase
364 672 425 716 est
453 671 699 718 confusum
721 707 735 729 ,
776 673 804 717 fi
834 672 968 732 supra
993 672 1043 717 id
1068 673 1231 733 lapidis
1268 688 1482 720 centena-

224 742 279 788 rii
308 744 495 802 pondus
515 744 815 805 imponatur,
843 755 970 789 natat
996 745 1042 788 in
1074 745 1256 790 summo
1276 780 1288 801 ,
1324 763 1480 805 neque

226 831 334 859 eum
379 816 613 875 liquorem
642 816 791 875 potest
835 831 976 861 onere
1008 817 1089 861 suo
1123 834 1356 876 premere,
1393 835 1479 863 nec

225 887 397 933 elidere
421 922 434 944 ,
481 904 567 932 nec
619 887 854 948 diffipare:
899 889 1164 933 centenario
1204 890 1411 945 sublato,
1448 889 1481 934 fi

223 960 289 1004 ibi
336 962 433 1006 auri
474 962 746 1022 scrupulum
786 962 1084 1021 imponatur5
1134 978 1232 1007 non
1274 963 1477 1018 natabit,

221 1033 301 1078 sed
330 1034 390 1078 ad
426 1035 578 1079 imum
609 1052 693 1095 per
726 1034 770 1080 se
801 1035 1101 1094 deprimetur.
1157 1036 1227 1080 Ita
1255 1051 1353 1079 non
1384 1052 1480 1080 am-

222 1106 459 1166 plitudine
493 1106 742 1166 ponderis,
788 1107 865 1150 sed
893 1122 1058 1169 genere
1095 1107 1373 1168 lingularum
1411 1123 1480 1151 re·

221 1195 326 1223 rum
359 1180 630 1241 gravitatem
666 1178 750 1224 effe
783 1196 882 1224 non
917 1181 976 1224 est
1004 1181 1283 1241 negandum.
1318 1179 1371 1222 Id
1399 1195 1481 1223 au-

222 1262 316 1296 tem
346 1252 504 1295 multis
533 1251 670 1296 rebus
699 1252 761 1296 est
787 1253 844 1296 ad
877 1251 1010 1297 usum
1051 1251 1336 1310 expeditum.
1385 1250 1479 1295 Ne-

223 1340 318 1383 que
345 1324 469 1367 enim
510 1335 784 1386 argentum,
820 1340 977 1383 neque
1013 1340 1082 1368 aes
1111 1324 1202 1368 fine
1235 1339 1290 1368 eo
1328 1323 1479 1383 potest

219 1394 342 1441 reffle
384 1396 592 1441 inaurari.
646 1395 866 1456 Cumque
902 1396 950 1439 111
991 1396 1111 1441 veste
1144 1396 1379 1440 intextum
1415 1394 1477 1438 est

218 1485 416 1524 aurum,
457 1485 604 1528 eaque
639 1470 768 1514 vestis
814 1473 1011 1515 contrita
1049 1481 1241 1530 propter
1285 1469 1479 1514 vetusta-

217 1551 315 1584 tem
338 1541 474 1584 usum
492 1557 589 1584 non
617 1541 783 1585 habeat
813 1542 1081 1595 honestum,
1118 1541 1259 1602 panni
1289 1540 1338 1584 111
1361 1537 1474 1585 ᾗᾶ11··

216 1611 340 1656 libus
369 1612 476 1655 vasis
506 1612 707 1669 impositi
747 1612 879 1670 supra
917 1612 1072 1673 ignem
1111 1613 1467 1656 comburuntur.

217 1683 261 1728 Is
296 1682 408 1727 ciuis
444 1682 689 1728 coniicitur
726 1682 773 1726 in
805 1699 1002 1742 aquam,
1047 1682 1087 1726 8c
1115 1682 1304 1729 additur
1332 1684 1372 1727 ei
1402 1699 1475 1726 ar·-

215 1766 411 1816 geutum
430 1752 617 1797 vivum:
663 1752 711 1797 id
729 1765 884 1797 autem
914 1770 1074 1798 omnes
1099 1755 1235 1799 micas
1266 1755 1362 1799 auri
1385 1770 1479 1799 cor·

214 1828 325 1886 ripit
349 1827 397 1870 in
427 1826 470 1870 se
489 1859 501 1881 ‚
535 1826 576 1871 &⁴
613 1827 736 1888 cogit
763 1826 915 1871 secum
941 1826 1094 1871 coire:
1138 1844 1258 1886 aqua
1288 1827 1472 1883 defusa,

216 1914 326 1943 cum
360 1897 408 1941 id
438 1898 485 1941 111
522 1912 732 1956 pannum
757 1897 1052 1954 infunditur,
1093 1899 1133 1944 8<
1162 1899 1226 1942 ibi
1256 1899 1473 1944 manibus

216 1971 472 2033 premitur,
506 1981 748 2031 argentum
769 1987 852 2029 per
882 1972 1023 2031 panni
1054 1973 1252 2017 raritates
1281 1983 1474 2031 propter

212 2047 451 2105 liquorem
468 2058 594 2090 extra
616 2046 787 2091 labitur
802 2081 814 2101 ‚
835 2063 1000 2092 aurum
1019 2048 1348 2110 compressione
1368 2063 1474 2093 coa-

216 2116 346 2165 {lum
379 2119 498 2164 intra
523 2133 696 2178 purum
731 2116 980 2162 invenitur.

589 2221 926 2270 CAPUT
990 2223 1102 2267 IX2

570 2312 641 2359 De
660 2314 780 2356 minii
809 2324 1102 2374 temperatura.

214 2411 238 2425 ·-
274 2393 496 2440 Revertar
526 2408 654 2436 nunc
677 2391 735 2440 ad
764 2391 896 2437 minii
917 2401 1292 2450 temperaturam.
1337 2389 1466 2450 Ipsae

211 2466 334 2516 enim
353 2466 514 2531 glebae
542 2481 651 2514 cum
685 2463 792 2511 sunt
824 2464 1001 2522 aridae,
1038 2463 1141 2526 pilis
1175 2462 1324 2510 ferreis
1351 2477 1467 2509 con·-
