1600 2902
267 212 375 244 XLII
474 198 831 245 NOTITIA
882 200 1334 248 LITERARIA

269 304 507 355 moverem)
527 303 664 356 quaeri
689 302 898 355 diligenter
922 306 1057 344 curavi
1076 307 1306 345 abbreviatum
1329 306 1433 346 illum
1455 320 1538 345 ma-

269 371 324 396 nu
353 357 536 410 scriptum
569 357 662 395 Petri
687 357 844 396 Diaconi
870 358 1095 405 Vitruvium3
1122 358 1186 398 sed
1212 360 1318 399 sorte
1340 359 1429 400 usus
1455 360 1537 400 sum

270 410 452 451 adversa:
491 411 585 449 nihil
608 410 711 448 enim
745 423 911 463 usquam
939 412 1148 451 inventum
1171 413 1236 453 est.
1281 416 1335 452 At
1364 415 1457 453 dum
1492 415 1540 453 il-

269 465 337 504 lud
364 466 562 517 geminum
594 477 696 517 opus
731 464 907 517 diligenti
945 465 1224 518 perquisitione
1256 468 1540 520 indagabatur‚

270 531 519 570 compertum
556 518 633 565 est,
674 519 714 556 in
752 517 901 558 Codice
939 518 1092 570 signato
1133 533 1242 570 1504.
1276 522 1541 562 bibliothecae

270 572 542 612 Alexandrino
560 573 821 611 -Vaticanae
856 572 989 612 haberi
1022 573 1311 626 Compendium
1341 576 1541 628 quoddam

272 625 596 674 Architeclurae3
627 627 733 679 quod
769 627 979 680 deinceps,
1011 626 1087 666 effe
1118 627 1209 668 illud
1241 629 1343 668 idem
1370 628 1464 669 olim
1493 630 1542 668 ab

271 678 501 720 Vascosano
526 681 673 719 editum
689 711 700 728 ‚
727 681 839 732 plane
859 681 1046 734 cognovi.

326 733 383 772 Illi
410 747 542 773 aulem
564 734 682 773 iidem
710 735 787 773 viri
811 734 914 774 docti
937 746 1058 788 atque
1081 735 1222 775 harum
1248 748 1379 776 rerum
1402 737 1544 790 periti,

276 790 346 841 qui
379 789 427 827 de
448 788 531 842 ipso
555 787 702 827 Codice
723 788 818 828 alias
844 789 1015 828 tulerant
1039 790 1228 829 iudicium
1243 820 1254 837 ‚
1285 791 1377 829 mihi
1400 790 1546 843 signifi-

275 854 442 889 carunt,
480 843 565 881 eius
588 841 852 895 Compendii,
877 843 918 883 δε
944 843 1135 882 librorum
1161 844 1359 893 Vitruvii‚
1387 857 1438 883 eo
1459 843 1548 884 Co-

276 897 362 935 dice
393 895 545 947 sxgnato
578 908 690 946 1504.
726 908 1036 944 contentorum,
1072 897 1237 936 eandem
1270 899 1436 938 omnino
1473 898 1549 936 effe

275 949 530 1003 scripturam,
557 949 605 987 ab
626 962 706 989 uno
737 951 958 1003 eodemque
984 951 1209 989 amanuensi
1243 951 1482 1004 profeciam:
1512 952 1550 990 id

278 1006 394 1042 etiam
425 1005 616 1042 addentes
633 1034 644 1050 ‚
669 1005 780 1056 quod
809 1004 897 1056 ipsis
921 1004 1062 1044 Codex
1088 1004 1176 1052 ille,
1212 1018 1257 1044 ut
1289 1007 1423 1058 prius,
1455 1006 1550 1056 visits

270 1060 321 1109 fit
351 1059 456 1109 plane
492 1060 741 1110 perantiquus,
780 1075 822 1098 ac
837 1058 983 1110 fortaffi
1013 1072 1177 1098 exaratus
1206 1059 1294 1098 circa
1312 1061 1420 1110 finem
1441 1060 1552 1111 seculi

278 1113 411 1158 οέἶινὶ,
434 1124 514 1151 certe
531 1112 662 1150 minime
683 1112 836 1163 scriptus
858 1115 933 1166 post
946 1112 1099 1163 seculum
1121 1128 1262 1150 nonum.
1295 1112 1432 1165 Itaque
1461 1125 1551 1153 cum

280 1166 377 1204 baec
407 1168 461 1205 ita
484 1165 520 1204 se
543 1166 740 1213 habeant,
772 1178 923 1218 quanto
951 1167 1074 1218 magis
1100 1166 1303 1219 probabile
1329 1167 1402 1214 est,
1429 1167 1552 1206 Com-

281 1222 469 1274 pendium
486 1220 578 1259 illud
595 1232 644 1258 eo
668 1220 707 1258 in
731 1219 884 1259 Codice
900 1220 1072 1258 velante
1096 1231 1247 1258 nonum
1268 1219 1466 1267 seculum,
1488 1221 1553 1259 vel

282 1274 415 1315 seculo
441 1287 574 1320 nono,
602 1272 787 1326 scriptum
808 1272 943 1322 fuiffe3
964 1284 1077 1313 tanto
1093 1272 1138 1312 fit
1160 1273 1405 1321 credibilius,
1428 1275 1555 1313 haud-

284 1342 484 1382 quaquam
506 1329 625 1367 tribui
646 1326 752 1380 posse
769 1327 861 1367 illud
883 1340 984 1380 opus
1000 1327 1117 1366 Petro
1138 1326 1347 1374 Diacono,
1363 1329 1431 1380 qui
1457 1342 1478 1368 e
1492 1329 1557 1366 vi-

283 1387 347 1424 vis
366 1381 525 1422 exceffit
550 1381 682 1420 seculo
702 1381 952 1421 duodecimo.
972 1380 1019 1420 Et
1035 1382 1130 1420 haec
1152 1380 1241 1420 sane
1265 1383 1366 1421 ratio
1380 1413 1390 1429 ‚
1419 1394 1468 1420 ne
1486 1381 1558 1421 Pe-

285 1452 372 1478 trus
407 1438 611 1476 Diaconus
643 1436 880 1488 Compendii
914 1435 1013 1474 illius
1047 1434 1184 1474 au&or
1212 1435 1415 1474 censeatur
1435 1466 1445 1482 ,
1479 1447 1558 1474 una

284 1492 464 1532 sufficere
490 1490 672 1529 videtur:
699 1490 880 1540 quamvis
907 1489 946 1527 in
968 1488 1165 1529 nonnullis
1181 1488 1265 1528 aliis
1294 1489 1351 1540 (sl
1373 1488 1557 1540 luberet)

287 1545 476 1586 addendis
492 1575 502 1591 ‚
522 1543 626 1582 haud
649 1543 813 1582 multum
838 1541 930 1581 effet
952 1542 1112 1581 laboris.

345 1598 519 1639 Suboriri
547 1608 753 1650 praeterea
771 1594 937 1648 suspicio
954 1595 1026 1634 alia
1045 1594 1169 1648 poffet
1181 1626 1191 1642 ‚
1208 1608 1288 1635 non
1308 1597 1467 1649 quidem
1483 1595 1560 1634 Pe-

291 1665 356 1693 tro
371 1653 558 1692 Diacono
570 1681 581 1698 ‚
605 1650 669 1688 sed
689 1649 857 1689 Palladio
872 1649 1025 1689 Rutilio
1041 1649 1181 1688 Tauro
1197 1650 1420 1690 Aemiliano
1434 1681 1445 1697 ‚
1462 1649 1559 1688 scri-

293 1708 399 1761 ptori
424 1709 461 1744 de
481 1706 531 1742 Re
564 1706 718 1756 rustica,
746 1704 998 1743 tribuendum
1027 1702 1102 1743 effe
1122 1705 1371 1756 propositum
1398 1704 1563 1743 Archite-

294 1766 402 1800 Hurae
437 1759 702 1810 Compendium;
739 1757 898 1810 quando
940 1758 979 1795 in
1014 1756 1162 1796 Codice
1195 1758 1324 1810 Regio
1358 1758 1560 1796 Vaticano

297 1815 399 1868 (qui
420 1824 581 1852 notatur
610 1824 778 1851 numero
811 1810 922 1850 1286.
952 1810 1177 1864 conscripto
1200 1812 1305 1850 ΧΙΙΙ.
1329 1812 1483 1850 labente
1503 1810 1562 1849 se-

296 1869 411 1915 culo,
440 1866 506 1905 vel
526 1866 633 1905 XIV.
663 1866 849 1912 ineunte,
885 1865 938 1904 ita
971 1864 1272 1917 suffragantibus
1295 1864 1419 1904 doffis
1438 1866 1535 1903 viris
1552 1894 1563 1910 ‚

298 1920 632 1975 quemadmodum
656 1919 786 1959 Roma
806 1919 899 1957 mihi
924 1918 1110 1970 scriptum
1139 1917 1242 1969 fuit)
1269 1919 1391 1957 exstat
1415 1919 1565 1971 princi-

300 1978 368 2029 pio
389 1973 550 2013 Palladii
584 1974 715 2012 Rutilii
750 1973 858 2012 Tauri
882 1973 1073 2012 Aemiliani
1097 1987 1181 2024 opus
1210 1973 1478 2024 Agriculturae,
1515 1971 1564 2010 ad

300 2031 415 2069 cuius
438 2039 658 2067 extremum
679 2027 796 2080 (pag.
816 2026 979 2066 Codicis
998 2042 1060 2078 43.
1078 2027 1094 2077 )
1120 2026 1306 2078 leguntur
1331 2027 1445 2066 haec:
1477 2027 1566 2063 Pal-

300 2085 389 2122 ludii
414 2082 541 2121 Rutilii
573 2081 679 2119 Tauri
700 2081 914 2126 Aemiliani,
933 2081 999 2118 viri
1024 2081 1163 2131 illustris
1179 2110 1192 2126 ‚
1223 2094 1308 2132 opus
1326 2081 1566 2133 Agriculturae

302 2139 454 2190 explicit.
476 2135 606 2186 Incipit
619 2137 658 2173 de
679 2135 936 2180 Architefluru,
956 2135 1057 2173 valde
1084 2135 1161 2173 utili
1178 2133 1354 2184 scientia:
1379 2135 1566 2186 quodque

303 2191 442 2244 incipit
468 2188 523 2228 est
546 2189 790 2242 propofitum
819 2189 1071 2227 Architeflume
1100 2190 1368 2239 Compendiurn3
1397 2199 1441 2227 ut
1473 2200 1568 2240 pro-

304 2246 396 2284 inde
417 2243 581 2290 dixeris,
609 2242 676 2281 vel
706 2242 784 2282 hoc
818 2254 921 2294 opus
951 2242 1205 2294 praecedenti
1224 2243 1357 2294 operis
1380 2241 1480 2280 illius
1498 2254 1568 2279 au-

305 2298 404 2337 &ori
422 2297 589 2336 Panadio
606 2295 709 2336 reete
733 2296 865 2336 tribui.
891 2295 1006 2333 Adde
1024 2326 1035 2342 ‚
1055 2295 1095 2334 δι
1120 2296 1275 2334 Vimcvii
1291 2297 1415 2342 libros,
1436 2295 1476 2334 &
1492 2294 1568 2333 hoc

309 2352 551 2403 compendium
575 2349 814 2390 coniunclim
841 2350 1035 2389 contineri
1055 2362 1138 2389 uno
1161 2349 1384 2402 eodemque
1401 2348 1571 2401 peranti-

308 2418 391 2454 quo
414 2405 621 2445 volumine
639 2405 860 2444 vaticanae
880 2404 1170 2453 bibliothecae,
1195 2403 1346 2456 signato
1373 2417 1482 2451 ¹504·
1506 2403 1570 2454 (ut

310 2459 429 2510 paulo
451 2459 565 2513 supra
584 2460 659 2497 iam
683 2457 907 2509 innuimus)
931 2470 952 2496 a
970 2470 1083 2510 tergo
1105 2470 1236 2497 autem
1256 2457 1426 2497 eiusdem
1444 2456 1572 2495 Codi-

312 2512 366 2551 cis
388 2512 527 2565 scripta
553 2512 627 2553 effe
655 2514 735 2554 duo
761 2513 923 2552 nomina
948 2513 1071 2561 haec,
1103 2513 1280 2552 Vitruvius
1310 2513 1350 2552 &
1370 2511 1571 2550 Palladius.
