1600 2902
258 240 312 290 52
505 229 575 274 M.
611 226 903 275 VITRUVII
936 231 1217 280 POLLION
1221 231 1272 280 IS

250 335 505 396 probatus,
541 346 656 383 tunc
692 347 892 384 utuntur
928 338 977 382 in
1005 341 1237 400 parietum
1272 337 1511 388 structuris.

248 411 393 455 Fiunt
421 419 579 453 autem
611 410 806 454 laterum
841 427 1007 473 genera
1041 413 1151 458 tria:
1189 430 1340 460 unum
1371 414 1507 475 quod

250 480 424 528 Graece
472 478 680 539 Lydium
710 482 1001 540 appellatur,
1046 482 1095 527 id
1135 485 1197 529 est
1234 502 1332 546 quo
1368 485 1510 531 nostri

249 563 476 607 utuntur,
507 552 705 613 longum
743 551 1035 613 sesquipede,
1071 555 1218 601 latum
1250 558 1394 617 pede:
1438 574 1511 602 ce-

249 623 356 670 teris
386 623 572 668 duobus
604 623 888 671 Graecorum
913 626 1121 671 aedificia
1152 629 1416 675 struuntur:
1452 646 1510 675 ex

248 698 318 742 his
347 713 498 742 unum
528 698 844 757 pentadoron‚
872 700 1071 744 alterum
1100 701 1369 747 tetradoron
1399 703 1510 748 dici-

249 783 339 814 tur.
392 769 559 814 Doron
594 783 753 815 autem
793 770 954 815 Graeci
998 774 1237 832 appellant
1269 776 1508 833 palmum,

249 843 384 905 quod
419 860 673 890 munerum
713 844 840 890 datio
874 844 1046 890 Graece
1076 847 1185 905 δῶρον
1217 849 1506 907 appellatur:

249 916 298 961 id
318 927 475 961 autem
497 917 676 976 semper
696 917 870 979 geritur
888 933 969 976 per
987 933 1148 963 manus
1168 920 1395 977 palmum.
1440 919 1511 964 Ita

248 989 384 1048 quod
404 988 466 1033 est
485 989 842 1048 quoquoversus
858 989 1071 1048 quinque
1090 991 1358 1050 palmorum
1371 1025 1382 1046 ,
1401 1006 1511 1051 pen·

247 1061 472 1117 tadoron,
511 1061 645 1121 quod
677 1074 906 1122 quatuor,
936 1062 1206 1108 tetradoron
1238 1064 1436 1109 dicitur:
1467 1064 1509 1109 Sc

249 1150 372 1194 quae
400 1134 508 1178 sunt
539 1134 732 1194 publica
762 1151 900 1194 opera
918 1168 930 1190 ‚
964 1134 1252 1194 pentadoro,
1280 1151 1399 1195 quae
1421 1135 1514 1195 pri-

248 1219 378 1262 vata,
408 1207 643 1252 tetradoro
671 1207 921 1251 struuntur.
960 1207 1102 1252 Fiunt
1131 1218 1288 1252 autem
1312 1224 1421 1252 cum
1445 1208 1514 1252 his

247 1280 468 1325 lateribus
498 1279 799 1334 semilatere53
845 1279 928 1339 qui
963 1295 1074 1324 cum
1110 1280 1377 1335 struuntur⁷
1418 1295 1511 1325 una

249 1364 379 1412 parte
414 1351 631 1395 lateribus
674 1351 881 1406 ordines,
931 1352 1072 1396 altera
1113 1351 1384 1397 semilateres
1420 1368 1511 1412 po-

248 1437 457 1470 liuntur:
495 1440 604 1485 ergo
637 1440 696 1468 ex
724 1437 922 1483 utraque
951 1434 1082 1484 parte
1109 1424 1169 1468 ad
1195 1425 1364 1469 lineam
1397 1440 1509 1470 cum

250 1498 492 1542 struuntur
513 1531 524 1552 ,
550 1497 734 1541 alternis
770 1497 903 1541 coriis
923 1497 1116 1556 parietes
1155 1497 1425 1559 alligantur:
1471 1498 1513 1542 Sc

248 1569 399 1614 medii
428 1571 586 1613 lateres
612 1568 746 1627 supra
776 1579 1049 1630 coagmenta
1081 1568 1325 1622 collocati,
1364 1568 1405 1613 8c
1434 1569 1513 1612 fir-

250 1640 464 1684 mitatem
506 1637 547 1682 &
578 1638 777 1697 speciem
809 1638 985 1683 faciunt
1018 1651 1217 1699 utraque
1250 1651 1381 1699 parte
1411 1656 1510 1684 non

249 1711 556 1757 invenustam.
591 1711 662 1753 Est
682 1723 839 1755 autem
870 1712 916 1755 in
941 1711 1161 1772 Hispania
1183 1713 1400 1757 ulteriore
1425 1712 1512 1756 Ca*—

249 1787 433 1830 lentum
447 1817 459 1839 ,
481 1782 519 1828 gc
538 1783 744 1827 Maxilua
759 1817 771 1838 ,
792 1783 831 1828 &⁴
851 1783 898 1828 in
920 1783 1020 1828 Asta
1042 1785 1224 1841 Pitane,
1251 1785 1334 1830 ubi
1352 1786 1511 1829 lateres

249 1875 361 1904 cum
407 1858 515 1902 sunt
554 1853 680 1901 duffii
714 1858 754 1903 Sc
788 1854 998 1914 arefatsti,
1033 1855 1226 1919 proieffli
1258 1868 1421 1903 natant
1461 1858 1509 1901 in

250 1947 386 1990 aqua.
436 1929 604 1973 Natare
651 1941 807 1975 autem
849 1947 925 1975 eos
976 1930 1102 1990 posse
1145 1931 1253 1975 ideo
1294 1930 1509 1985 videtur,

252 2004 387 2065 quod
414 2014 528 2048 terra
549 2002 632 2058 est,
659 2003 716 2047 de
739 2020 832 2061 qua
852 2003 1092 2048 ducuntur
1109 2037 1121 2058 ,
1151 2002 1415 2063 pumicosa:
1445 2003 1510 2047 ita

252 2094 362 2123 cum
397 2076 459 2120 est
491 2075 600 2119 levis
639 2083 738 2118 ae‘re
780 2075 998 2131 solidata,
1041 2091 1140 2120 non
1180 2075 1343 2134 recipit
1376 2075 1425 2118 in
1465 2073 1512 2119 se

250 2165 338 2195 nec
369 2147 601 2194 combibit
623 2147 872 2206 liquorem.
908 2148 1054 2210 Igitur
1072 2147 1162 2191 levi
1181 2163 1375 2206 raraque
1396 2161 1508 2191 cum

251 2224 305 2268 sit
332 2221 614 2282 proprietate
631 2253 643 2275 ,
680 2236 766 2265 nec
787 2221 988 2280 patiatur
1006 2230 1246 2280 penetrare
1273 2220 1320 2263 in
1343 2233 1508 2276 corpus

250 2295 499 2340 humidam
527 2293 801 2354 potestatem
823 2325 836 2348 ,
860 2308 1152 2351 quocunque
1173 2291 1386 2351 pondere
1407 2289 1509 2335 fue-

250 2368 336 2423 rit,
374 2370 554 2429 cogitur
588 2367 645 2410 ab
680 2382 835 2410 rerum
869 2377 1031 2411 natura
1064 2362 1505 2425 (quemadmodum

251 2443 460 2501 pumex)
487 2441 557 2485 uti
577 2441 634 2485 ab
664 2456 784 2498 aqua
811 2438 1092 2483 sustineatur.
1133 2438 1208 2483 Sic
1228 2447 1384 2482 autem
1409 2451 1507 2478 ma-

251 2528 360 2574 gnas
396 2512 573 2558 habent
608 2512 852 2568 utilitates,
885 2512 1018 2571 quod
1051 2527 1208 2571 neque
1227 2510 1275 2552 in
1299 2506 1510 2552 aedifica-
