1600 2902
278 231 367 291 148
516 231 581 276 M.
618 231 664 277 V
671 231 911 281 ITRUVII
943 238 1281 288 POLLIONIS

272 337 343 380 Ita
361 335 428 380 his
450 337 886 397 praescriptionibus
908 343 991 401 qui
1014 346 1212 391 voluerit
1241 348 1335 405 uti,
1361 364 1522 396 emen·

273 409 399 454 datas
423 410 585 456 efficiet
604 412 893 459 theatrorum
927 414 1243 476 perfectiones.

638 523 675 569 C
709 523 750 569 A
783 526 819 570 P
855 525 895 570 U
929 526 973 570 T
1037 527 1058 571 I
1093 528 1152 574 X.

332 611 401 657 De
433 613 665 675 porticibus
698 614 789 676 post
808 613 981 672 scenam
1017 616 1056 659 ὼ
1092 618 1454 666 ambulationibus.

329 701 434 746 Post
468 702 647 746 scenam
676 703 879 760 porticus
907 703 1011 748 sunt
1041 705 1419 764 constituendae,
1445 710 1514 756 uti

266 790 375 820 cum
416 775 586 819 imbres
633 774 866 833 repentini
911 775 1046 820 ludos
1083 777 1512 837 interpellaverint,

263 847 434 890 habeat
481 846 852 906 populus,'quo
893 846 936 891 se
981 848 1170 907 recipiat
1214 851 1509 907 ex-theatro,

263 920 573 982 choragiaque
619 921 939 964 laxamentum
975 921 1177 965 habeant
1213 923 1271 967 ad
1316 925 1513 969 chorum

261 993 549 1051 parandumt
580 992 649 1035 uti
667 991 773 1036 sunt
791 993 994 1051 porticus
1026 994 1360 1053 Pompeianae,
1385 997 1512 1040 item·

263 1079 357 1122 que
389 1061 582 1108 Athenis
611 1064 814 1122 porticus
849 1063 1115 1119 Eumenici,
1175 1065 1411 1125 Patrisque
1440 1067 1513 1113 Li·

260 1135 362 1180 beri
383 1136 542 1179 fanum
564 1154 572 1178 z
593 1135 633 1180 Sc
664 1135 945 1180 exeuntibus
967 1153 990 1180 e
1009 1137 1190 1180 theatro
1227 1137 1391 1181 sinistra
1411 1154 1511 1197 par-

260 1217 307 1252 te
335 1207 528 1251 Odeum
547 1240 559 1261 ,
589 1207 723 1265 quod
754 1206 944 1250 Athenis
974 1207 1164 1250 Pericles
1189 1208 1418 1251 columnis
1448 1210 1508 1252 la-

261 1278 408 1338 pideis
424 1278 663 1338 dispositis,
683 1278 872 1322 navium
890 1279 1017 1321 malis
1035 1278 1075 1322 δὲ
1092 1278 1302 1322 antennis
1320 1296 1343 1323 e
1359 1279 1508 1338 spoliis

259 1351 441 1397 Persicis
480 1352 701 1410 pertexit,
748 1351 876 1395 idem
912 1361 1069 1394 autem
1101 1351 1238 1395 etiam
1266 1352 1504 1398 incensum

258 1421 575 1468 Mithridatico
623 1424 746 1467 bello
796 1439 877 1467 rex
920 1421 1244 1468 Ariobarzanes
1283 1425 1500 1469 restituit:

257 1495 481 1556 Smyrnae
500 1493 785 1556 Strategeum
806 1514 814 1538 :
845 1495 1072 1539 Trallibus
1094 1495 1295 1554 porticus
1315 1512 1371 1540 ex
1393 1508 1505 1540 utra·

258 1584 352 1627 que
373 1578 500 1627 parte
527 1569 610 1627 (ut
637 1567 818 1625 scenae)
842 1567 973 1626 supra
996 1567 1189 1612 stadium
1213 1587 1220 1611 ε
1248 1569 1501 1628 ceterisque

257 1640 517 1685 civitatibus
535 1673 547 1696 ,
585 1656 704 1698 quae
737 1639 1049 1702 diligentiores
1073 1640 1336 1685 habuerunt
1357 1643 1501 1686 archi-

255 1711 399 1759 tetslos
416 1747 428 1769 ,
463 1713 576 1758 circa
600 1713 773 1757 theatra
804 1713 909 1756 sunt
934 1714 1139 1771 porticus
1157 1714 1196 1758 ὃς
1227 1714 1501 1758 ambulatio-

254 1802 358 1841 neS,
405 1802 523 1844 quae
562 1785 783 1830 videntur
811 1785 872 1829 ita
912 1796 1126 1845 oportere
1160 1786 1394 1840 collocari,
1429 1788 1498 1832 uti

252 1859 460 1920 duplices
495 1859 606 1916 sint,
651 1859 946 1917 habeantque
984 1857 1226 1901 exteriores
1261 1860 1499 1903 columnas

250 1931 439 1978 Doricas
471 1948 580 1976 cum
617 1932 830 1992 epistyliis
864 1931 902 1974 Sc
930 1929 1236 1984 ornamentis,
1274 1947 1329 1974 ex
1359 1932 1497 1975 ratio-

249 2019 310 2047 ne
347 2002 677 2047 modulationis
703 2001 897 2047 Doricae
931 1997 1164 2061 perfefflas.
1208 1999 1497 2047 Latitudines

247 2084 404 2118 autem
445 2091 598 2119 earum
637 2073 699 2117 ita
745 2084 960 2132 oportere
995 2070 1093 2116 fieri
1136 2069 1377 2125 videntur,
1425 2073 1494 2115 uti

245 2159 418 2206 quanta
458 2146 700 2192 altitudine
737 2147 983 2190 columnae
1022 2144 1194 2188 fuerint
1224 2144 1491 2199 exteriores,

242 2230 419 2264 tantam
449 2220 743 2265 latitudinem
786 2218 984 2262 habeant
1023 2217 1081 2261 ab
1113 2216 1327 2260 inferiore
1363 2228 1490 2275 parte

240 2293 565 2337 columnarum
601 2304 911 2336 extremarum
941 2289 999 2334 ad
1027 2289 1227 2344 medias,
1266 2288 1305 2334 84:
1332 2305 1356 2332 a
1392 2303 1489 2332 me-

240 2361 384 2406 dianis
414 2363 471 2407 ad
503 2363 693 2422 parietes
711 2396 737 2417 ,q
759 2364 841 2422 qui
880 2361 1256 2407 circumcludunt
1283 2359 1486 2419 porticus

236 2433 601 2488 ambulationes,
621 2433 862 2479 medianae
887 2445 1042 2478 autem
1077 2434 1319 2477 columnae
1348 2431 1486 2488 quin-

237 2514 282 2548 ta
312 2517 441 2565 parte
473 2507 652 2551 altiores
685 2506 792 2561 sint,
831 2522 972 2566 quam
1007 2505 1276 2560 exteriores,
1300 2501 1377 2546 sed
1405 2515 1487 2548 aut
