1600 2902
610 193 972 241 VITA.
1363 207 1424 242 111

151 305 193 346 &
215 302 371 357 prorsus
394 304 442 343 ab
468 303 537 344 illo
559 302 668 343 fuiffe
695 301 888 342 diversum
907 333 918 350 ,
959 298 1116 342 duobus
1144 302 1385 354 argumentis
1400 315 1424 341 a

151 366 363 407 Philandro
406 365 710 420 praetermiffis,
746 362 963 403 necessario
1002 361 1087 402 fere
1126 364 1421 403 convincimus.

150 429 303 477 Primo,
355 431 464 482 quod
504 428 641 482 passim,
669 426 878 467 inferiores
916 423 1116 464 architeffi
1151 424 1219 464 sub
1258 425 1439 465 mutulis

151 489 375 530 denticulos
408 488 599 543 posuere,
636 501 680 529 ut
711 488 849 527 videre
884 485 942 524 est
975 487 1013 524 in
1051 484 1268 525 fornicibus
1307 486 1420 534 Titi,

150 552 341 600 Nervae,
366 551 617 592 Constantini
637 577 649 600 -‚
682 551 722 589 in
758 549 916 603 porticu
945 548 1124 587 eiusdem
1159 548 1346 597 Nervae,
1380 550 1423 590 δε

151 613 401 656 Diocletiani
424 615 586 655 thermis
603 645 614 663 ‚
643 625 745 667 quae
777 612 912 652 omnia
937 612 1118 651 aedificia
1142 625 1165 650 a
1190 612 1422 665 posterioris

150 676 271 717 seculi
301 676 525 717 architeffis
550 673 773 717 constru&a
804 672 914 713 fuiffe
941 673 1068 726 palam
1094 672 1250 713 scimus.
1289 674 1421 714 Dein-

150 741 223 788 de,
243 741 351 793 quod
374 737 645 779 Veronensem
664 737 772 777 illum
792 735 1020 777 Cerdonem
1046 735 1088 774 L.
1109 736 1286 776 Vitruvii
1307 736 1422 776 fuiffe

152 803 355 844 Libertum
375 813 562 857 apparet,
595 801 705 853 quod
737 799 804 840 vel
833 812 882 838 ex
911 795 991 851 ipsa
1015 796 1272 851 inscriptione
1304 800 1423 840 colli-

152 864 285 915 gitur,
319 864 358 902 iu
383 875 486 915 qua,
517 874 559 900 ut
589 859 719 900 visum
754 859 835 907 est,
870 858 1060 910 legimus,
1091 870 1127 897 L.
1160 871 1418 900 VITRUVIUS

152 935 189 963 1..
207 936 243 962 L.
263 925 340 964 hoc
362 924 439 972 est,
460 923 608 963 Lucius
631 922 845 962 Vitruvius
866 920 978 960 Lucii
997 920 1195 961 Libertus.
1227 921 1421 962 Nostrum

151 1000 252 1026 vero
277 986 443 1026 liberum
477 986 615 1034 fuisse,
649 986 690 1025 &
720 984 937 1024 liberaliter
972 983 1214 1032 educatum,
1253 984 1423 1038 ipsomet

151 1048 251 1089 teste
281 1050 322 1089 in
347 1048 550 1103 progressu
576 1060 715 1087 eorum
733 1075 744 1093 ‚
771 1058 875 1098 quae
902 1043 1193 1085 di&urisu1nt:s
1210 1077 1221 1093 ,
1253 1046 1423 1087 lucidius

150 1110 417 1151 ostendemus.
446 1111 572 1151 Porro
596 1121 795 1163 quatenus
818 1107 867 1146 ad
885 1106 1009 1147 nostri
1030 1106 1233 1147 architeffi
1251 1110 1422 1161 patriam

149 1170 290 1225 speaat
304 1204 315 1220 ,
337 1173 572 1212 Fundanum
594 1170 905 1210 Formianumve
924 1167 1059 1216 fuisse,
1085 1168 1313 1209 conieftura
1339 1183 1423 1210 non

149 1235 417 1287 undequaque
441 1233 659 1288 spernenda
682 1233 917 1272 iudicamus.
971 1231 1127 1271 Etenim
1153 1234 1258 1273 circa
1283 1246 1331 1274 ea
1355 1235 1423 1274 lo-

150 1308 196 1335 ca
212 1296 495 1336 Vitruviorum
524 1295 709 1334 familiam
736 1295 908 1347 antiquis
936 1296 1183 1346 temporibus
1215 1309 1421 1348 potentem

149 1359 191 1398 &
217 1358 461 1399 numerosam
491 1358 625 1406 fuisse,
655 1358 801 1398 vetusti
836 1358 985 1410 lapides
1018 1370 1099 1397 non
1122 1357 1289 1398 obscure
1314 1372 1423 1400 atte-

149 1420 322 1469 stantur,
351 1435 523 1473 quorum
550 1422 790 1470 nonnullos,
822 1421 915 1460 licet
943 1434 1147 1474 perperam
1177 1422 1420 1476 exscriptos,

148 1483 273 1522 refert
298 1484 336 1521 in
360 1483 471 1523 Italia
497 1483 561 1523 sua
594 1484 790 1524 Leander.
822 1484 897 1523 Sed
919 1486 960 1524 &
977 1485 1261 1526 Villamontius
1281 1486 1422 1527 Gallus

148 1544 190 1584 in
212 1543 280 1584 suo
298 1545 526 1593 itinerario,
556 1547 805 1586 emendatius
835 1547 941 1587 hunc
964 1547 1068 1587 inter
1091 1561 1274 1597 ceteros,

270 1603 567 1648 M.'V1TRUV11
598 1620 811 1648 MEMPlLls
844 1621 942 1650 Hoc
973 1621 1303 1652 MONUMENTUM

609 1682 744 1711 HAER.
775 1683 813 1712 E.
844 1684 884 1712 N.
913 1685 945 1713 s.

147 1731 193 1772 In
223 1732 308 1773 aliis
334 1745 464 1773 autem
493 1733 682 1787 frequens
704 1737 894 1788 repetitio
921 1737 977 1776 est
998 1740 1268 1792 praenominis
1298 1741 1353 1780 M.
1377 1742 1420 1783 &

146 1795 444 1835 Vitruviorum.
489 1797 601 1836 Haec
627 1810 701 1837 nos
735 1797 835 1837 di6ta
864 1799 1090 1848 voluimus,
1115 1813 1165 1840 ne
1192 1802 1272 1842 hoc
1299 1817 1419 1856 prae-

146 1859 345 1900 termisisse
361 1891 372 1908 ‚
394 1862 673 1914 qualecunque
701 1861 748 1901 fit
773 1862 988 1912 indicium,
1016 1864 1268 1917 antiquitatis
1285 1867 1326 1906 &
1345 1879 1420 1906 ve-

146 1923 273 1962 ritatis
300 1921 469 1979 studioso
507 1923 665 1963 Lthori
701 1924 943 1964 videremur.
992 1925 1213 1975 Ceterum,
1239 1929 1418 1969 nostrum

146 1982 253 2022 hunc
274 1996 481 2035 parentum
518 1985 746 2036 diligentia,
779 1985 995 2025 liberaliter
1016 1986 1057 2026 δ(
1083 1987 1254 2040 ingenue
1280 2002 1301 2028 a
1332 1991 1418 2043 pri-

147 2053 208 2080 ma
239 2043 502 2083 adolescentia
529 2044 748 2084 institutum
779 2043 887 2084 fuiffe
906 2075 917 2092 ,
947 2043 1109 2098 ipsemet
1135 2048 1261 2100 palam
1289 2050 1418 2102 profi-

147 2111 275 2149 tetur,
304 2105 341 2142 in
370 2104 464 2145 sexti
494 2107 578 2146 libri
608 2108 822 2158 prooemio
845 2107 906 2146 his
927 2107 1085 2147 verbis:
1114 2109 1234 2160 Itaque
1259 2126 1317 2163 ego
1333 2127 1416 2149 ma-

146 2163 261 2202 ximas
292 2166 509 2219 infinitasque
531 2171 731 2220 parentibus
767 2183 833 2221 ago
873 2182 972 2222 arque
1007 2171 1111 2208 habeo
1137 2174 1296 2223 gratias,
1329 2175 1421 2225 quod

144 2229 400 2280 Athenienfium
436 2232 537 2283 legem
569 2234 785 2285 probantes,
828 2247 878 2270 me
912 2245 981 2271 arte
1019 2235 1232 2272 erudiendum
1265 2250 1416 2275 curave-

144 2303 250 2336 runt,
276 2292 310 2329 Gt
336 2308 374 2330 ea
397 2307 479 2343 quae
506 2309 573 2332 nott
595 2298 702 2347 potes]
726 2295 787 2346 effi
809 2296 958 2347 probata
976 2297 1051 2346 sinc
1077 2297 1280 2343 literatura,
1306 2312 1415 2350 ency-

144 2352 299 2404 clioque,
345 2353 570 2393 dominarum
599 2356 749 2394 omnium
785 2356 978 2408 disciplina.
1025 2359 1108 2395 Cum
1134 2371 1208 2409 ergo
1228 2358 1262 2395 δ’
1287 2373 1416 2409 paren·

143 2425 214 2453 lum
238 2429 347 2461 cura,
376 2415 410 2452 62
428 2429 679 2467 praeceptorum
703 2419 859 2457 dominis
887 2421 1005 2457 aurias
1032 2420 1184 2458 haberem
1211 2421 1327 2471 copias
1354 2424 1413 2461 di-

132 2475 383 2526 sciplinarum,
402 2476 593 2528 philologis
617 2480 650 2516 6³
669 2479 898 2531 philomelinis
922 2486 1017 2518 rebus
1030 2508 1044 2526 ,
1079 2483 1414 2522 commentariorum-

1088 2556 1111 2582 a
1142 2559 1164 2584 2
