1600 2902
275 214 359 260 DE
391 213 879 261 ARCHITECTURA
912 214 1018 260 LIB.
1051 213 1131 284 ΙΙ.Ἰ
1259 227 1312 279 53

58 325 262 370 tionibus
289 324 397 369 sunt
427 325 604 369 onerofi
619 359 632 381 ,
660 325 702 372 &
724 341 833 370 cum
854 324 1094 370 ducuntur
1110 344 1138 382 ,·
1155 340 1179 368 a
1197 333 1318 369 tem-

58 396 310 456 pestatibus
336 412 436 441 non
465 397 795 442 dissolvuntur.

470 504 752 550 CAPUT
817 503 911 550 IV,

569 595 637 638 De
676 610 816 638 arena.

131 687 185 731 In
221 687 523 732 caementitiis
557 696 715 730 autern
751 682 985 730 structuris
1018 687 1227 747 primum
1261 689 1323 733 est

61 758 121 803 de
150 775 284 804 arena
316 758 639 818 quaerendum
658 791 669 812 ,
713 767 767 801 ut
796 773 846 802 ea
870 757 922 801 fit
943 757 1112 803 idonea
1135 760 1194 804 ad
1225 777 1325 804 ma-

61 833 225 876 teriem
254 832 535 877 miscendam
557 864 569 886 ,
605 846 764 889 neque
796 830 962 874 habeat
993 841 1159 876 terram
1196 848 1326 878 com-

63 905 271 949 mixtam.
300 905 479 949 Genera
497 915 656 949 autem
681 919 842 948 arenae
864 903 1052 949 foshriae
1071 904 1178 950 sunt
1195 906 1326 962 haec,

63 976 217 1038 nigra,
243 993 377 1034 cana,
402 977 566 1032 rubra,
593 977 916 1021 carbunculus.
952 977 1023 1021 Ex
1043 977 1110 1022 his
1134 979 1326 1037 quaein

61 1065 206 1094 manu
233 1049 483 1095 confricata
513 1049 671 1094 fecerit
707 1048 949 1094 stridorem
967 1083 980 1104 ,
1007 1049 1092 1094 erit
1119 1051 1322 1110 optima:

63 1136 186 1180 quae
217 1132 376 1165 autern
397 1120 565 1171 terrosa
595 1119 761 1175 fuerit,
793 1119 833 1163 8c
862 1136 961 1164 non
990 1120 1184 1165 habebit
1201 1121 1329 1182 aspe-

64 1195 280 1249 ritatem,
317 1194 431 1239 item
467 1194 499 1238 fi
540 1195 587 1238 in
618 1194 948 1238 vestimentum
985 1194 1241 1240 candidum
1277 1213 1330 1242 ea

66 1265 274 1314 conietfia
299 1266 468 1323 fuerit,
507 1268 660 1328 postea
687 1267 864 1312 excuffa
889 1269 965 1312 vel
998 1265 1112 1324 itia,
1148 1269 1197 1313 id
1227 1286 1330 1316 non

68 1340 409 1401 inquinaverit,
457 1356 616 1400 neque
660 1340 727 1384 ibi
766 1352 881 1384 terra
928 1339 1197 1396 sufficient,
1245 1342 1331 1387 erit

70 1414 253 1460 idonea.
292 1414 372 1459 Sin
394 1426 552 1459 autem
572 1430 670 1458 non
689 1426 826 1458 erunt
848 1413 1073 1469 arenaria,
1110 1413 1239 1459 unde
1259 1414 1332 1460 fo-

70 1488 251 1545 diatur,
278 1499 380 1532 tum
413 1487 473 1531 de
503 1486 780 1531 fluminibus
811 1497 889 1531 aut
914 1502 940 1530 e
963 1487 1110 1549 glarea
1137 1487 1226 1531 erit
1247 1505 1331 1533 ex—

69 1561 313 1608 cernenda.
348 1561 460 1606 Non
483 1560 635 1605 minus
670 1560 808 1604 etiam
841 1559 901 1604 de
926 1559 1080 1604 littore
1113 1560 1330 1617 marin03

71 1635 147 1679 scd
172 1652 223 1680 ea
257 1634 304 1678 in
336 1630 566 1678 strilffliiris
598 1634 708 1677 haec
742 1633 881 1678 habet
907 1633 1047 1688 vitia,
1082 1634 1217 1693 quod
1241 1633 1332 1679 dif-

71 1708 253 1753 ficulter
274 1707 495 1757 ficcescit3
522 1722 707 1765 neque,
738 1705 821 1750 ubi
842 1706 893 1750 fit
912 1740 926 1762 ,
956 1707 1133 1750 onerari
1157 1706 1201 1751 se
1221 1723 1336 1753 con-

71 1780 274 1824 tinenter
301 1778 445 1838 paries
479 1779 655 1838 patitur
673 1812 686 1833 ,
719 1778 800 1822 nisi
830 1778 1240 1824 intermiffionibus
1262 1796 1335 1825 re·-

73 1853 302 1912 quiescat;
332 1867 490 1911 neque
515 1852 942 1897 concamerationes
978 1853 1151 1912 recipit.
1189 1854 1333 1898 Mari-

73 1940 132 1969 na
170 1937 330 1970 autom
377 1925 466 1969 hoc
505 1926 727 1986 amplius,
776 1926 906 1986 quod
942 1927 1080 1971 etiam
1111 1928 1334 1986 parietes,

75 2012 183 2041 cnm
215 1997 264 2040 in
305 1997 372 2041 his
412 1994 602 2042 tefioria
648 1996 762 2043 faeta
793 1999 993 2054 fuerint,
1043 1999 1335 2044 remittentes

75 2068 371 2130 salsuginem,
404 2087 452 2114 ca
476 2070 742 2117 diss'olvnnt.
796 2072 1004 2116 Fossitiae
1033 2088 1143 2116 vero
1177 2073 1337 2117 celeri-

76 2152 147 2185 ter
182 2142 231 2186 in
266 2140 496 2188 strutsiuris
531 2145 808 2202 slccescunt,
855 2146 895 2190 Sc
927 2144 1117 2191 tectoria
1153 2164 1337 2207 perma-

78 2225 225 2269 nent,
266 2216 306 2260 &⁴
342 2219 764 2264 concamerationes
798 2220 1069 2279 patiuntur;
1116 2220 1192 2262 sed
1220 2220 1339 2275 liae,

79 2302 200 2344 quae
234 2286 338 2331 sunt
361 2287 419 2331 de
452 2290 660 2334 arenariis
688 2302 907 2336 recenteS.
947 2290 993 2335 Si
1020 2290 1147 2334 enim
1179 2306 1339 2334 exem-

79 2369 187 2418 ptae
234 2358 409 2402 diutius
449 2360 646 2417 iaceant,
679 2362 737 2405 ab
762 2362 854 2406 sole
890 2362 930 2406 Sc
963 2363 1070 2405 luna
1099 2362 1140 2406 86
1174 2363 1341 2422 pruina

82 2428 335 2473 concoctae
351 2429 670 2488 resolvuntur,
692 2433 732 2478 Sc
755 2436 876 2478 fiunt
901 2433 1107 2477 tertosae.
1149 2434 1213 2478 lta
1231 2450 1339 2479 cnm

80 2503 129 2546 in
152 2499 423 2550 strussuxam
456 2505 800 2566 coniiciuntur,
834 2523 931 2553 non
970 2507 1159 2565 poliunt
1190 2509 1343 2554 conti-

990 2569 1092 2633 DJ,
