1600 2902
258 112 353 172 284
510 111 575 156 M.
610 111 906 157 VITRUVII
939 112 1282 162 POLLIONIS

256 221 312 265 In
343 235 399 264 eo
425 231 587 263 autem
619 220 776 264 minus
813 233 1097 280 tympanum
1128 222 1395 268 includatur
1427 237 1522 268 car-

259 291 450 336 dinibus
485 309 543 337 ex
574 302 743 348 torno,
787 293 995 338 masculo
1037 293 1078 339 Sc
1115 293 1287 340 femina
1325 295 1442 340 inter
1477 294 1525 339 se

255 366 493 422 coartatis,
536 367 598 410 ita
641 367 709 410 uti
751 366 908 411 minus
936 377 1251 428 tympanum,
1295 367 1525 428 quemad-

254 437 458 483 modum
496 438 829 499 epistomium,
870 438 918 482 in
955 438 1132 483 maiore
1163 439 1524 503 circumagendo

256 504 377 553 arCte
417 510 679 568 leniterque
715 507 932 553 versetur.
980 508 1169 553 Maioris
1204 521 1362 554 autem
1394 522 1525 571 tym-

254 580 364 640 pani
385 580 566 626 labrum
586 580 744 640 aequis
761 579 1010 624 intervallis
1034 591 1226 626 CCCLXV
1248 578 1423 640 prineia
1444 583 1525 626 ha-

256 652 366 697 beat
404 653 602 715 signatam
638 653 796 698 minor
821 669 934 697 vero
965 653 1206 698 orbiculus
1237 654 1285 698 in
1316 667 1525 701 extrema

256 723 558 769 circinatione
585 724 725 771 fixam
755 725 923 771 habeat
952 725 1205 787 lingulam,
1232 726 1364 770 cuius
1390 742 1525 771 cacu-

257 813 370 843 men
403 797 568 860 dirigat
599 797 656 842 ad
689 795 976 858 punctorum
1009 798 1230 860 regiones.
1279 798 1433 858 Inque
1467 815 1525 844 eo

257 871 473 916 orbiculo
503 882 819 932 temperatum
851 871 902 916 fit
923 871 1160 927 foramen,
1187 871 1295 931 quia
1323 871 1372 916 in
1401 883 1528 932 tym-

254 960 435 1005 panum
465 962 587 1004 aqua
620 944 780 990 influit
808 962 894 1006 per
927 945 1007 1001 id,
1049 957 1102 990 ut
1136 945 1296 990 serviat
1325 945 1527 990 admini-

255 1018 474 1064 strationi.
516 1019 639 1064 Cum
671 1033 830 1065 autem
862 1019 912 1063 in
937 1018 1120 1062 maioris
1146 1019 1363 1080 tympani
1392 1018 1526 1063 labro

255 1090 433 1136 fuerint
465 1092 700 1155 signorum
735 1091 1004 1137 coelestium
1040 1090 1434 1146 deformationes,
1472 1091 1526 1137 id

253 1175 414 1209 autem
456 1165 509 1210 fit
542 1165 828 1220 immotum,
871 1165 911 1211 8c
942 1165 992 1209 in
1021 1165 1210 1210 summo
1239 1165 1409 1210 habeat
1441 1165 1526 1210 de-

251 1235 509 1282 formatum
552 1236 718 1283 Cancri
761 1238 977 1300 fignum,
1023 1237 1082 1282 ad
1123 1238 1524 1298 perpendiculum

254 1309 352 1353 eius
386 1311 432 1354 in
465 1310 563 1355 imo
596 1311 901 1371 Capricorni,
941 1312 1000 1357 ad
1028 1312 1242 1357 dextram
1282 1308 1525 1371 speciantis

250 1381 448 1439 Librae,
483 1384 542 1428 ad
571 1385 788 1430 sinistram
823 1384 1004 1430 Arietis.
1059 1384 1197 1447 Signa
1228 1400 1425 1443 quoque
1452 1399 1525 1428 ce-

253 1465 351 1499 tera
395 1456 517 1500 inter
554 1473 718 1501 eorum
756 1458 898 1517 spatia
939 1458 1171 1520 designata
1216 1457 1326 1512 sint,
1364 1457 1432 1502 uti
1474 1457 1522 1500 in

254 1528 390 1572 coelo
424 1527 659 1572 videntur.
697 1529 842 1590 Igitur
871 1546 982 1574 cum
1011 1529 1092 1574 Sol
1125 1528 1266 1573 fuerit
1297 1529 1343 1571 in
1371 1528 1524 1588 Capri·

253 1602 385 1647 corni
415 1603 651 1659 orbiculo,
681 1605 854 1667 lingula
887 1605 935 1649 in
964 1604 1146 1649 maioris
1175 1603 1391 1664 tympani
1420 1619 1523 1663 par-

252 1687 301 1721 te
335 1679 377 1723 8c
411 1677 682 1738 Capricorni
728 1679 945 1738 quotidie
986 1680 1161 1741 singula
1199 1676 1376 1738 punffla
1417 1689 1523 1722 tan-

252 1764 364 1810 gens
383 1784 394 1804 ‚
424 1750 483 1794 ad
520 1750 917 1810 perpendiculum
952 1751 1128 1796 habens
1160 1767 1308 1810 aquae
1335 1765 1525 1795 curren-

252 1821 309 1866 tis
331 1824 584 1868 vehemens
615 1824 805 1884 pondus
824 1858 837 1879 ‚
875 1825 1084 1869 celeriter
1117 1840 1200 1884 per
1227 1824 1423 1869 orbiculi
1449 1822 1523 1867 fo-

251 1913 413 1941 ramen
452 1897 501 1941 id
537 1897 745 1944 extrudit
777 1898 835 1942 ad
872 1915 974 1954 vas,
1008 1910 1113 1942 tum
1148 1896 1383 1956 excipiens
1418 1913 1521 1942 earn

255 1969 512 2026 (quoniam
543 1969 673 2014 brevi
701 1971 847 2030 spatio
878 1970 1523 2030 impletur)corripit8ccon·

253 2041 395 2086 trahit
425 2042 607 2087 dierum
644 2044 823 2088 minora
857 2044 997 2103 spatia
1028 2042 1069 2088 Sc
1102 2044 1336 2087 horarum.
1397 2043 1520 2088 Cum

256 2127 417 2160 autem
438 2117 714 2175 quotidiana
734 2117 991 2162 versatione
1009 2117 1199 2162 minoris
1213 2117 1423 2176 tympani
1444 2116 1524 2159 lin·

254 2193 365 2254 gula
382 2191 642 2255 ingreditur
663 2191 710 2236 in
728 2190 951 2251 Aquario,
969 2192 1166 2236 discedit
1187 2202 1290 2234 tum
1311 2189 1522 2233 foramen

254 2282 281 2308 a
309 2265 650 2325 perpendiculo
669 2300 681 2320 ‚
711 2266 750 2309 Sc
777 2282 924 2324 aquae
950 2265 1105 2308 minus
1131 2261 1398 2307 vehementi
1419 2276 1523 2305 cur-

252 2337 306 2381 su
343 2339 525 2401 cogitur
561 2338 734 2383 tardius
765 2339 980 2382 emittere
1019 2337 1271 2382 salientem.
1319 2335 1388 2378 Ita
1420 2349 1522 2392 quo

252 2408 411 2456 minus
447 2413 583 2458 celeri
623 2410 757 2458 cursu
800 2427 875 2457 vas
907 2410 1083 2471 excipit
1106 2424 1307 2472 aquarn,
1366 2405 1526 2451 dilatat
