1600 2902
270 209 358 267 164
516 206 585 253 M.
620 206 914 255 VITRUVII
946 210 1279 260 POLLIONIS

677 352 715 398 C
748 351 791 397 A
824 352 859 397 P
895 353 935 399 U
969 354 1014 400 T
1078 357 1114 401 Ι.

292 444 363 493 De
400 446 603 508 aedificiis
636 449 901 512 disponendis
915 451 1151 511 fecundum
1186 455 1362 501 Iocorum
1388 473 1488 520 pro-

782 535 1002 584 prcetaces.

323 600 454 645 Haec
477 612 632 646 autem
664 602 726 646 ita
759 615 896 647 erunt
932 604 1056 649 reC’re
1095 605 1339 666 disposita‚
1378 610 1406 653 fi
1433 609 1524 669 pri-

256 689 342 717 mo
380 672 751 717 animadversum
791 673 957 730 fuerit,
1004 676 1178 735 quibus
1221 679 1518 740 regionibUS,

258 758 341 791 aut
381 746 556 805 quibus
599 746 981 794 inclinationibus
1025 750 1193 796 mundi
1244 754 1523 798 constituan-

259 831 348 866 tur.
387 821 608 879 Namque
639 820 770 865 aliter
811 820 1058 884 Aegypto,
1112 824 1244 869 aliter
1283 827 1520 887 Hispania,

256 908 356 938 non
385 892 552 937 eodem
592 892 741 936 modo
783 893 960 950 Ponto,
1009 895 1281 941 diffimiliter
1317 897 1519 952 Rornae,

254 967 370 1011 item
412 966 570 1010 ceteris
609 976 833 1012 terrarum
870 967 910 1013 Sc
937 970 1183 1030 regionum
1226 971 1520 1029 proprietati-

253 1039 343 1084 bus
375 1052 588 1098 oportere
628 1037 851 1082 videntur
892 1040 1109 1084 constitui
1150 1056 1316 1102 genera
1359 1041 1519 1086 aedifi-

249 1112 462 1164 -cion1m3
507 1109 641 1168 quod
685 1110 767 1154 alia
807 1122 935 1170 parte
974 1111 1076 1155 solis
1119 1112 1251 1156 cursu
1287 1111 1517 1171 premitur

252 1185 416 1238 tellus,
443 1183 523 1227 alia
544 1184 684 1244 longe
702 1183 759 1226 ab
789 1200 844 1228 eo
874 1184 1004 1228 distat
1023 1218 1035 1239 7
1076 1185 1159 1227 alia
1193 1200 1278 1243 per
1301 1184 1515 1229 medium

251 1268 554 1316 temperatur.
596 1256 741 1317 Igitur
773 1257 839 1301 uti
864 1257 1133 1301 constitutio
1158 1257 1327 1300 muntii
1357 1257 1413 1301 ad
1435 1268 1518 1301 ter·

249 1344 326 1374 rae
354 1328 554 1388 spatium
585 1327 886 1373 inclinatione
915 1326 1115 1390 signiferi
1145 1328 1327 1383 circuli,
1371 1327 1410 1372 8<
1442 1328 1514 1372 so-

248 1401 302 1446 lis
338 1399 498 1456 cursu,
533 1399 787 1459 disparibus
819 1401 1123 1460 qualitatibus
1159 1400 1426 1445 naturaliter
1451 1400 1511 1443 est

247 1475 504 1528 collocata,
541 1472 598 1516 ad
633 1473 841 1517 eundem
877 1472 1078 1517 modum
1111 1472 1248 1516 etiam
1281 1473 1340 1516 ad
1363 1472 1513 1534 regio-

246 1561 366 1591 num
397 1546 624 1599 rationes,
655 1545 873 1603 coelique
903 1545 1168 1598 varietates,
1199 1545 1422 1588 videntur
1447 1561 1512 1589 ae-

246 1617 515 1662 dificiorum
552 1615 722 1660 debere
749 1616 882 1678 dirigi
915 1615 1254 1661 collocationes.
1310 1614 1409 1660 Sub
1441 1616 1510 1660 se-

243 1690 531 1751 ptemtrione
582 1689 788 1734 aedificia
847 1688 1126 1733 testudinata
1150 1722 1162 1743 ‚
1213 1691 1254 1733 &-
1303 1689 1507 1734 maxime

241 1763 460 1809 conclusa
488 1762 528 1807 &
555 1777 654 1806 non
681 1762 916 1822 patentia,
957 1762 1035 1807 sed
1070 1763 1286 1808 conversa
1316 1763 1373 1807 ad
1404 1764 1506 1808 cali-

241 1836 320 1881 das
345 1847 490 1895 partes
509 1845 724 1893 oportere
744 1832 839 1878 fieri
868 1833 1098 1878 videntur.
1153 1833 1325 1878 Contra
1349 1847 1507 1879 autem

238 1909 327 1954 sub
360 1909 541 1968 impetu
575 1908 703 1962 solis,
738 1906 999 1952 meridianis
1033 1907 1327 1970 regionibus,
1371 1907 1504 1966 quod

238 1993 524 2042 premuntur
555 1998 579 2025 a
603 1982 780 2037 calore,
820 1980 1080 2040 patentiora
1108 1981 1420 2040 conversaque
1442 1981 1503 2024 ad

236 2055 620 2115 septemtrionem
646 2054 687 2099 Sc
715 2055 988 2114 aquilonem
1020 2055 1125 2098 sunt
1155 2053 1386 2099 faciunda.
1434 2054 1500 2099 Ita

234 2128 371 2186 quod
418 2128 543 2172 ultro
579 2137 740 2171 natura
771 2127 935 2182 laedit,
977 2140 1074 2172 arte
1120 2127 1203 2172 erit
1248 2127 1502 2171 emendan-

234 2197 364 2243 dum.
393 2198 512 2243 Item
546 2198 734 2259 reliquis
768 2199 1035 2260 regionibus
1066 2199 1124 2243 ad
1159 2199 1364 2243 eundem
1405 2214 1501 2242 rno-

233 2269 350 2314 dum
376 2271 652 2330 temperari,
699 2270 1109 2329 quemadmodum
1146 2272 1332 2315 coelum
1356 2270 1416 2313 est
1438 2269 1497 2313 ad

231 2340 587 2386 inclinationem
632 2342 805 2386 mundi
838 2344 1135 2388 collocatum.
1182 2344 1308 2387 Haec
1336 2353 1493 2404 autem

230 2428 289 2456 ex
323 2426 487 2458 natura
515 2431 670 2459 rerum
710 2415 815 2459 sunt
847 2415 1258 2460 animadvertenda
1283 2414 1322 2458 δεῖ
1352 2413 1495 2456 consi-

229 2484 458 2544 deranda,
517 2501 660 2546 atque
693 2488 829 2531 etiarn
862 2504 920 2531 ex
946 2487 1166 2533 membris
1203 2485 1495 2544 corporibus—
