1600 2902
314 262 400 312 DE
433 259 923 309 ARCHITECTURA
956 257 1067 305 LIB.
1101 259 1135 305 I.
1303 275 1356 324 ις

99 380 413 428 abduxerunt.
450 379 549 423 Nec
576 377 682 422 sunt
708 376 815 437 passi
850 375 1006 432 stolas,
1037 391 1195 436 neque
1220 390 1360 420 orna·-

99 468 174 502 tus
200 455 472 500 matronales
505 453 771 512 deponere:
820 450 888 494 uti
918 464 1016 493 non
1053 464 1150 493 uno
1188 449 1356 493 triurn-

99 529 200 590 pho
224 529 532 580 ducerentur,
564 525 639 569 sed
668 536 856 568 aeterno
882 522 1105 567 servitutis
1138 523 1361 582 exemplo

102 600 226 664 gravi
255 599 541 645 contumelia
569 596 735 657 pressae
753 629 765 650 ,
795 610 967 655 poenas
1000 594 1205 654 pendere
1229 593 1362 639 vide-

99 686 262 722 rentur
302 691 387 734 pro
431 673 627 718 civitate.
681 670 796 715 ideo
845 669 927 728 qui
964 679 1078 714 tunc
1122 666 1361 714 architefii

96 746 289 792 fuerunt
307 781 320 802 ,
346 744 560 790 aedificiis
584 742 783 803 publicis
810 740 1166 802 designaverunt
1197 755 1358 784 earum

96 820 318 884 imagines
347 820 474 865 oneri
504 817 702 864 ferundo
729 817 1002 869 collocat2133
1034 826 1087 859 ut
1107 814 1246 859 etiam
1267 831 1359 874 po-

99 893 221 938 steris
252 904 362 938 nota
388 907 539 953 poena
567 889 743 950 peccati
774 888 1070 950 Caryatium,
1099 888 1356 932 memoriae

98 961 363 1008 traderetur.
381 961 495 1007 Non
513 960 667 1005 minus
685 960 904 1015 Lacones,
931 958 1151 1003 Pausania
1169 959 1360 1004 Cleom-

98 1034 224 1079 broti
255 1035 351 1079 filio
383 1033 532 1090 duce,
571 1034 782 1078 Plataeeo
812 1032 992 1093 proelio
1023 1047 1170 1092 pauca
1212 1047 1357 1077 manu

97 1109 338 1154 infinitum
379 1124 637 1154 numerum
683 1109 907 1154 exercitus
954 1108 1197 1153 Persarum
1241 1123 1357 1152 cum

96 1181 450 1242 superavissent,
500 1179 600 1227 msto
648 1197 756 1227 cum
804 1182 946 1244 gloria
975 1180 1218 1241 triumpho
1250 1181 1357 1241 spo-

98 1255 273 1300 liorum
305 1256 346 1302 86
373 1257 595 1316 praedae,
628 1256 865 1316 porticum
900 1254 1122 1300 Persicam
1163 1271 1221 1299 ex
1255 1272 1355 1300 rna·-

45 1383 51 1391 ⁴
99 1327 254 1372 nubiis
283 1327 430 1372 laudis
461 1327 501 1373 86
532 1328 712 1372 virtutis
742 1327 945 1381 civium,
974 1327 1176 1371 indicem
1205 1324 1354 1373 vibio·

98 1400 219 1455 riae,
251 1399 438 1460 posteris
465 1416 549 1461 pro
577 1412 771 1460 tropaeo
799 1399 1166 1455 constituerunt,
1196 1399 1360 1458 ibique

100 1473 393 1533 captivorum
427 1475 662 1520 simulacra
711 1474 947 1520 barbarico
992 1473 1124 1518 vestis
1157 1485 1356 1528 ornatu,

99 1545 314 1605 superbia
342 1549 513 1593 meritis
547 1548 839 1593 contumeliis
876 1547 1066 1608 punita,
1091 1545 1360 1591 sustinentia

97 1613 276 1662 testum
306 1619 684 1665 collocaverunt:
717 1620 785 1664 uti
815 1619 855 1663 86
874 1619 1020 1663 hostes
1039 1617 1356 1662 horrescerent

96 1689 266 1735 timore
306 1707 471 1735 eorum
518 1690 803 1735 fortitudinis
838 1687 985 1735 affecti
1009 1724 1021 1746 ,
1081 1690 1121 1734 Sc
1157 1690 1276 1733 cives
1312 1687 1362 1733 id

99 1763 374 1822 exemplum
409 1763 590 1808 virtutis
627 1763 962 1823 adspicientes,
1016 1762 1157 1825 gloria
1191 1760 1359 1817 ereffi,

95 1832 154 1876 ad
190 1832 539 1879 defendendam
574 1834 838 1881 libertatem
880 1834 1019 1879 essent
1054 1834 1210 1894 parati.
1267 1834 1361 1878 Ita-

98 1920 194 1963 que
219 1921 276 1950 ex
305 1922 360 1951 eo
394 1907 531 1950 multi
553 1907 714 1951 statuas
735 1907 937 1962 Persicas,
961 1907 1232 1950 sustinentes
1257 1907 1358 1965 epi-

100 1977 226 2037 ssylia
260 1979 301 2023 8c
337 1991 610 2023 ornamenta
647 1995 811 2024 eorum
836 2012 848 2034 ,
888 1979 1265 2031 collocaverunt3
1313 1976 1356 2022 86

100 2048 162 2093 ita
201 2066 257 2094 ex
295 2059 352 2096 eo'
387 2062 662 2113 argumento
701 2050 938 2096 varietates
979 2051 1176 2112 egregias
1211 2066 1358 2093 auxe-

98 2134 210 2164 runt
238 2122 469 2182 operibus..
512 2123 632 2167 Item
659 2122 765 2168 sunt
791 2124 903 2167 aliae
934 2122 1143 2168 eiusdem
1176 2123 1357 2183 generis

102 2193 344 2251 historiae,
383 2213 583 2255 quarum
632 2197 848 2241 notitiam
888 2192 1156 2241 architeeffos
1196 2209 1353 2240 tenere

101 2276 302 2324 oportet.
356 2268 651 2329 Philosophia
686 2286 796 2314 vero
829 2270 1009 2328 perficit
1049 2265 1354 2312 architct'zium

99 2338 257 2382 animo
285 2354 453 2402 magno
473 2375 485 2396 ,
513 2342 553 2387 8c
585 2342 653 2386 uti
683 2357 781 2386 non
812 2343 863 2386 sit
889 2357 1124 2402 arrogans,
1159 2340 1234 2382 sed
1266 2356 1354 2397 po-

100 2409 192 2453 tius
227 2409 394 2465 facilis,
440 2429 650 2472 aequus,
694 2415 735 2460 Sc
779 2414 948 2468 fidelis,
996 2414 1087 2457 sine
1134 2412 1351 2467 avaritia,

98 2482 232 2541 quod
277 2484 338 2527 est
378 2486 668 2541 maximum3
709 2489 895 2533 nullum
934 2487 1056 2530 enirn
1096 2501 1214 2544 opus
1243 2501 1351 2530 vere

99 2554 193 2599 sme
217 2555 312 2600 fide
339 2555 379 2600 8c
404 2557 600 2603 castitate
631 2559 726 2604 fieri
753 2560 932 2620 potest:
970 2575 1028 2602 nc
1052 2558 1102 2602 fit
1121 2558 1318 2619 cupidus
1335 2592 1353 2617 ,
