1600 2902
1248 219 1325 261 337

420 384 974 454 ANONYMI

289 514 1096 558 SCRWTORISVETEROE

653 625 735 657 DE

64 731 1332 808 ARCHITECTURA

351 869 1043 915 COMPENDIUM

542 1007 865 1019 -—--——

681 1094 713 1133 Ι.

360 1175 419 1214 De
439 1173 622 1228 principiis
650 1174 735 1212 artis
763 1175 1045 1214 architeaonlcae.

67 1234 160 1321 D
166 1295 188 1323 Ε
213 1283 307 1323 artis
333 1281 668 1323 architectonicae
689 1282 829 1335 peritia
848 1282 973 1322 multa
991 1282 1176 1323 oratione
1198 1281 1340 1324 Vitru-

69 1347 162 1386 vius
187 1345 340 1393 Poll-20,
365 1344 512 1396 aliique
536 1343 718 1383 auctores
736 1343 933 1397 scripsere.
973 1343 1150 1393 Verum,
1177 1357 1227 1384 ne
1246 1346 1340 1385 lon—

68 1421 117 1461 ga
142 1421 282 1448 eorum
307 1407 541 1460 dissertaque
558 1405 741 1446 facundia
759 1407 1037 1447 humilioribus
1063 1408 1228 1460 ingeniis
1245 1408 1341 1447 alie-

69 1485 166 1512 num
185 1471 337 1511 faceret
361 1470 529 1510 studium
547 1501 559 1518 ‚
584 1483 712 1523 pauca
732 1483 780 1510 ex
801 1471 862 1510 his
879 1501 891 1517 ,
923 1470 1116 1509 mediocri
1141 1471 1234 1510 licet
1257 1470 1339 1510 ser-

70 1547 192 1575 mone
208 1566 219 1582 ‚
250 1534 415 1586 privatis
441 1533 574 1573 uslbus
599 1546 742 1572 ornare
765 1531 839 1572 suit
859 1531 1076 1572 confilium.
1109 1531 1232 1583 Quae
1252 1546 1341 1586 par-

71 1609 132 1638 tes
154 1599 289 1649 itaque
314 1597 416 1636 coeli
440 1598 481 1637 &
503 1597 686 1650 regiones
711 1607 929 1635 ventorum
948 1594 1122 1635 salubres
1149 1595 1341 1636 aedificiis

70 1661 305 1708 videantur,
340 1661 382 1700 δι
413 1673 490 1713 qua
516 1658 732 1699 subtilitate
765 1659 902 1698 nocivi
931 1658 1049 1698 flatus
1077 1671 1338 1708 avertantur,

71 1725 282 1776 aditusque
319 1726 524 1764 ianuarum
552 1724 760 1763 &lumina
786 1722 965 1762 fenestris
992 1723 1141 1762 utiliter
1164 1724 1342 1763 tribuan-

72 1799 160 1833 tur,
180 1786 404 1838 quibusque
424 1785 617 1824 mensuris
639 1784 911 1824 aedificiorum
932 1783 1105 1822 membra
1129 1785 1344 1838 disponan-

71 1861 163 1901 tur,
198 1851 341 1902 quibus
361 1850 477 1902 signis
491 1849 620 1888 tenuis
643 1848 928 1900 abundansque
959 1860 1061 1900 aqua
1091 1849 1343 1899 inveniatur,

72 1915 147 1954 alia
172 1916 310 1963 etiam,
340 1925 442 1964 quae
476 1911 705 1951 aedificandi
735 1911 858 1964 gratia
890 1910 989 1950 scire
1019 1921 1209 1962 oportet,
1252 1910 1345 1949 bre-

72 1978 117 2017 vi
136 1976 412 2029 succinctaque
440 1975 667 2014 narratione
696 1973 925 2024 cognosces.
961 1972 1090 2011 Primo
1120 1985 1216 2025 ergo
1239 1985 1344 2025 quae

75 2040 269 2093 principia
303 2039 351 2077 ad
387 2035 699 2077 Archite&uram
731 2036 929 2088 pertinere
968 2036 1139 2074 debeant
1177 2034 1343 2075 studiose

76 2101 285 2140 attendere
313 2101 518 2140 convenit.
554 2098 700 2138 Omnia
725 2099 828 2138 enim
856 2096 1022 2151 pulchro
1041 2097 1188 2137 decore
1213 2110 1260 2137 ac
1277 2111 1345 2137 ve-

77 2164 190 2203 nusta
219 2164 387 2203 utilitate
419 2162 501 2202 fieri
528 2173 737 2215 poterunt,
764 2161 789 2199 si
817 2172 910 2198 ante
931 2160 1050 2199 huius
1074 2161 1168 2199 artis
1195 2160 1347 2212 peritus

75 2227 180 2267 ordo
207 2226 392 2266 discatur.
413 2226 513 2265 Nam
534 2224 820 2264 architesturae
836 2232 965 2274 partes
986 2222 1075 2262 sunt
1104 2222 1219 2269 οέῒο,
1241 2233 1346 2273 quae

77 2288 168 2328 sunt
198 2288 418 2334 ordinatio,
457 2285 688 2340 dispositio,
727 2285 941 2332 venustas,
982 2284 1190 2330 mensura,
1219 2284 1350 2323 distri-

77 2351 216 2397 butio,
239 2348 487 2393 aedificatio,
510 2348 740 2388 conlocatio
756 2378 766 2393 ‚
787 2346 1042 2385 machinatio.
1069 2344 1124 2384 Ex
1147 2345 1205 2383 his
1224 2344 1352 2384 Grae-

77 2413 143 2461 ci,
181 2413 356 2465 quinque
389 2411 619 2457 vocabulis,
654 2410 823 2449 studium
851 2406 1140 2448 architeGiurae
1170 2406 1246 2446 ess'e
1271 2407 1349 2446 do-

76 2483 258 2514 cuerunt.
294 2473 396 2512 Nam
440 2472 735 2511 ordinationem
773 2471 916 2516 taxim,
962 2481 1007 2508 ac
1046 2467 1349 2521 dispositionem

1019 2527 1056 2567 Y
1084 2543 1106 2567 2
