1600 2902
377 147 1012 189 COMPENDIUM.
1260 162 1336 202 357

65 243 106 284 &
131 241 331 296 fuliginem
357 254 429 295 per
456 254 571 282 nares
597 244 637 282 in
670 242 911 283 latusculum
939 243 1144 298 exprimat.
1192 243 1335 284 Postea

65 305 266 357 fuliginem
292 304 503 357 diligenter
526 317 710 345 conteres
725 336 737 353 ‚
768 306 807 345 Sc
827 319 969 359 aquam
993 306 1040 346 ad
1058 305 1220 345 modum
1244 305 1334 344 mit-

64 379 146 414 tes,
176 367 219 406 ὃ(
243 377 502 406 atramentum
527 367 649 407 facies
671 368 850 407 nitidum.
895 367 1064 407 Pi&ores
1091 377 1221 406 autem
1253 368 1336 419 glu-

61 429 186 467 tinum
216 427 403 477 miscent,
431 440 476 468 ut
507 429 668 468 nitidius
697 428 772 468 effe
805 430 1006 469 videatur.
1054 429 1130 469 Sed
1159 430 1205 468 ad
1228 429 1335 468 cele-

62 490 221 529 ritatem
252 491 386 543 operis
419 490 538 529 etiam
567 490 771 529 taedarum
800 490 1017 538 carbones,
1059 503 1150 530 cum
1181 490 1335 543 glutino

61 553 213 602 attriti,
239 553 453 606 parietibus
467 552 719 606 praestabunt
735 554 944 592 atramenti
965 553 1214 594 suavitatem.
1246 552 1335 591 Nec

62 615 193 654 minus
218 613 412 654 sarmenta
437 615 570 654 exusta
587 644 598 661 ,
625 614 665 653 &
687 613 856 653 contrita
874 646 886 663 ‚
920 616 1133 654 atramenti
1155 614 1336 654 colorem

25 692 28 694 ’
60 677 334 718 imitabuntur.
378 677 452 715 Sed
487 675 679 716 sarmenta
710 689 815 715 uvae
843 677 1027 729 nigrioris
1054 676 1079 715 si
1102 677 1140 716 in
1179 676 1335 729 optimo

59 740 160 778 vino
191 738 315 778 mersa
344 738 533 786 arserint,
562 738 603 778 δι
637 737 774 791 postea
810 738 947 777 exusta
979 737 1159 786 fuerint,
1198 737 1334 776 addito

62 803 248 856 glutino,
283 803 434 842 imitata
472 801 598 841 Indici
631 801 869 842 suavitatem
900 801 1185 841 monstrabunt.
1240 800 1338 840 Usta

61 867 153 906 faex
176 868 259 907 vini
283 866 615 920 quamplurimum
644 864 855 905 neceffaria
880 866 920 904 in
947 865 1134 918 operibus
1161 863 1336 917 piflurae

61 930 236 969 videtur.
268 930 424 970 Glebae
441 930 518 970 silis
534 930 632 970 boni
650 931 689 969 in
715 931 806 983 igne
824 943 1083 983 coquuntur3
1104 943 1203 970 tunc
1225 942 1339 969 acer·

60 991 162 1032 rimo
200 1005 320 1033 aceto
348 992 509 1046 perfuso
549 993 873 1046 exstinguuntur3
913 993 953 1033 &
988 993 1156 1033 reddunt
1187 1007 1339 1047 purpu-

60 1069 173 1096 reum
196 1056 387 1097 colorem.
419 1056 605 1097 Caerulei
632 1058 947 1110 temperationes
973 1056 1239 1096 Alexandriae
1263 1057 1340 1110 pri·

62 1128 131 1154 mo
155 1116 244 1156 sunt
269 1117 471 1156 inventae.
504 1117 623 1156 Nunc
648 1129 783 1157 autem
807 1117 983 1158 Puteolis
1013 1131 1062 1157 ex
1079 1130 1224 1157 arenae
1246 1117 1339 1170 pul-

62 1190 186 1226 vere,
216 1179 256 1218 δι
287 1180 380 1219 nitri
417 1179 517 1219 flore
549 1192 795 1233 temperatur
825 1193 893 1220 aes
929 1182 1114 1233 cyprium
1143 1181 1335 1221 adustum.

63 1239 250 1289 Cerussa,
290 1255 408 1294 quam
431 1242 551 1282 nostri
587 1241 769 1295 afrugutn
800 1254 980 1289 vocant,
1018 1242 1072 1283 stc
1101 1244 1175 1282 erit
1209 1243 1341 1282 coufi-

63 1305 216 1343 cienda.
251 1304 456 1345 Sarmenta
481 1306 627 1345 vitiosa
655 1307 819 1352 vineae,
856 1305 991 1345 infuso
1020 1318 1139 1345 aceto
1160 1336 1170 1351 ,
1199 1306 1237 1345 in
1264 1306 1342 1346 do-

62 1366 118 1405 lio
147 1366 216 1407 sub
238 1369 384 1407 tabulis
412 1369 609 1422 plumbeis
642 1369 921 1422 deponantur,
950 1369 991 1408 &
1023 1367 1173 1407 dolium
1203 1368 1340 1407 cluda-

63 1439 154 1475 tur3
180 1429 247 1476 δι,
268 1430 448 1481 pluribus
477 1432 676 1471 menfibus
700 1431 931 1479 transactis,
952 1432 1164 1484 aperiatur.
1196 1430 1245 1469 Et
1270 1442 1342 1469 ce·

64 1489 163 1530 ruffa
191 1492 230 1529 in
255 1491 422 1532 fornace
453 1506 679 1546 coquatur3
707 1506 837 1546 quae,
868 1504 1025 1534 mutato
1055 1492 1195 1532 colore
1212 1523 1224 1540 ,
1257 1505 1342 1532 me-

63 1555 205 1594 liorem
238 1556 382 1595 efficiet
419 1556 683 1596 sandaracam.
726 1555 890 1595 Ostrum
925 1566 1083 1603 autem,
1122 1555 1231 1605 quod
1268 1567 1342 1607 pro

62 1618 203 1658 colore
239 1632 441 1673 purpurae
482 1632 754 1674 temperatur,
796 1619 974 1673 plurimis
1002 1619 1102 1659 locis
1141 1617 1344 1664 nascitur3

64 1681 130 1719 sed
155 1683 352 1733 optimum
379 1684 420 1722 in
449 1682 573 1722 insula
600 1683 772 1736 Cypro,
801 1683 842 1721 &
871 1683 1042 1729 ceteris,
1077 1695 1181 1734 quae
1211 1680 1342 1734 proxi-

65 1757 153 1783 mae
184 1744 254 1784 sub
283 1745 386 1785 Solis
413 1745 529 1784 cursu
555 1746 781 1784 habentur:
832 1743 1026 1782 conculae
1051 1744 1215 1794 itaque,
1251 1755 1344 1781 cum

64 1805 320 1845 circumcisae
342 1805 450 1844 ferro
473 1797 646 1851 fuerint,
677 1805 856 1844 lacrimas
889 1805 1079 1857 purpurei
1107 1804 1257 1843 coloris
1286 1815 1346 1842 re-

64 1868 251 1914 mittunt3
286 1866 433 1918 quibus
465 1865 638 1906 colleffls
670 1876 897 1917 purpureus
932 1864 1046 1903 color
1082 1875 1341 1916 temperatur.

64 1929 162 1969 Ideo
184 1941 318 1967 autem
344 1929 493 1968 ostrum
524 1928 578 1967 est
604 1928 869 1981 appellatum,
915 1928 1022 1980 quod
1055 1939 1102 1965 ex
1133 1927 1242 1966 testis
1271 1928 1345 1968 hu-

66 2004 155 2031 mor
182 1992 364 2039 elicitur3
398 1993 464 2044 qui
497 1991 579 2030 cito
602 2003 650 2030 ex
680 1991 870 2044 salsugine
899 1988 1110 2036 inarescit,
1151 1990 1220 2028 nisi
1242 2002 1345 2029 tem·

65 2065 228 2106 peratus
270 2055 416 2092 humor
441 2053 515 2092 mel
551 2053 833 2092 circumfusum
867 2051 1024 2090 habeat.
1069 2051 1189 2090 Piunt
1225 2051 1343 2089 etiam

68 2117 257 2170 purpurei
286 2116 443 2155 colores
474 2116 618 2153 infeeta
658 2126 767 2155 creta
808 2115 944 2154 rubiae
974 2114 1136 2153 radice:
1169 2114 1344 2154 similiter

67 2192 115 2218 ex
141 2179 307 2218 floribus
333 2179 398 2217 alii
425 2178 585 2217 colores
615 2178 861 2217 inficiuntur.
895 2177 1036 2229 Itaque
1053 2176 1223 2229 ρίξὶοτες
1252 2190 1343 2215 cum

68 2241 272 2281 voluerint
309 2241 349 2279 ΩΙ
385 2241 562 2280 Atticum
600 2241 769 2289 imitari,
818 2239 966 2278 violam
996 2239 1144 2278 aridam
1175 2241 1215 2278 in
1245 2238 1344 2277 vaso

67 2313 159 2340 cum
186 2315 290 2355 aqua
321 2302 368 2341 ad
403 2303 531 2355 ignem
570 2302 802 2355 adponitur,
854 2313 898 2341 ut
931 2300 1114 2348 ferveat3
1144 2303 1184 2341 ὃ(
1219 2301 1345 2340 deco-

67 2362 167 2402 6tam
197 2365 237 2403 in
263 2363 431 2403 linteolo
458 2366 713 2417 exprimunt,
756 2364 796 2403 &
819 2363 858 2402 in
890 2363 1083 2403 mortario
1112 2376 1203 2402 cum
1236 2374 1345 2402 creta

69 2435 288 2464 conterunt
310 2456 322 2473 ,
350 2426 390 2465 &
414 2424 565 2465 faciunt
594 2424 670 2465 filis
697 2425 823 2465 Attici
854 2424 1046 2464 colorem.
1100 2424 1247 2464 Eadem
1277 2437 1345 2465 ra-

1019 2486 1047 2524 Z
1078 2499 1102 2534 4
