1600 2902
259 110 354 159 288
513 107 582 154 M.
617 108 914 157 VITRUVII
946 112 1284 162 POLLIONIS

257 233 450 265 morum
482 216 711 262 institutio
740 215 789 261 id
810 216 962 276 potest
989 232 1153 279 cogere
1170 253 1181 274 ‚
1209 219 1252 265 86
1273 219 1531 279 quotannis

256 292 299 335 86
323 301 558 349 praetores
594 289 634 333 86
667 289 836 333 aediles
871 288 1096 334 ludorum
1128 291 1258 336 causa
1291 291 1532 337 machina-

257 362 409 407 tiones
431 378 697 423 praeparare
722 362 928 417 debent3
954 362 1104 406 visum
1126 362 1241 406 mihi
1260 364 1321 408 est
1335 397 1348 421 ,
1369 365 1530 425 Impe-

255 449 404 492 rator,
444 452 545 482 non
580 435 665 481 effe
694 438 929 492 alienum,
969 434 1198 495 quoniam
1228 436 1286 480 de
1310 434 1531 482 aedificiis

256 509 307 554 in
329 508 564 570 prioribus
592 509 918 554 voluminibus
953 507 1173 568 exposui,
1214 508 1260 552 in
1294 509 1412 566 hoc,
1445 510 1530 569 qui

256 581 525 627 finitionem
550 581 785 626 summam
807 581 1013 642 corporis
1031 580 1173 626 habet
1198 581 1499 627 constitutam
1515 613 1529 638 ‚

255 673 380 716 quae
402 656 491 701 fint
511 656 739 717 principia
771 657 1097 702 machinarum
1134 655 1344 701 ordinata
1362 689 1375 713 ‚
1401 673 1532 716 prae-

255 730 402 791 ceptis
434 729 679 791 explicare.

673 847 1024 895 CAPUT
1091 847 1123 894 Ι.

355 936 427 984 De
455 936 682 985 machina,
717 938 759 981 εὶ]
788 939 877 982 eius
908 937 958 982 ab
987 952 1149 998 organo
1178 937 1436 998 dfflrentz‘iz.

322 1026 545 1072 Machina
566 1027 629 1072 est
653 1026 903 1072 continens
927 1042 987 1071 ex
1011 1025 1201 1070 materia
1224 1022 1532 1084 coniunctio,

255 1100 484 1146 maximas
512 1099 574 1144 ad
603 1115 802 1146 onerum
832 1110 989 1145 motus
1016 1098 1192 1143 habens
1215 1100 1420 1144 virtutes.
1467 1100 1533 1143 Ea

255 1183 481 1218 movetur
520 1187 579 1217 ex
617 1183 715 1217 arte
752 1172 1038 1217 circulorum
1080 1170 1533 1227 rotundationibus,

257 1261 406 1305 quam
434 1244 598 1291 Graeci
621 1248 808 1298 κυκλικὴν
828 1251 970 1300 κίνησιν
995 1246 1248 1305 appellant.
1279 1245 1350 1290 Est
1368 1256 1531 1290 autem

254 1335 406 1365 unum
428 1334 577 1382 genus
595 1319 870 1365 scansorium
886 1352 898 1373 ‚
920 1318 1055 1379 quod
1076 1320 1252 1364 Graece
1271 1320 1531 1377 ἀκροβατικὸν

254 1393 455 1438 dicitur:
477 1395 680 1440 alterum
704 1393 931 1454 spiritale,
950 1393 1085 1453 quod
1109 1393 1237 1453 apud
1260 1409 1337 1437 eos
1360 1409 1534 1446 πνευμα-

252 1473 358 1513 τικὸν
379 1469 665 1526 appellatur:
720 1468 913 1512 tertium
949 1465 1250 1522 aradorium,
1283 1467 1332 1511 id
1371 1478 1532 1511 autem

255 1536 419 1582 Graeci
449 1540 654 1593 βάναυσον
681 1549 869 1583 vocant.
921 1537 1214 1584 scansorium
1255 1549 1414 1584 autem
1439 1541 1532 1596 est,

255 1623 367 1653 cum
387 1610 632 1655 machinae
651 1610 711 1655 ita
737 1610 911 1655 fuerint
938 1612 1192 1656 collocatae
1211 1648 1221 1665 7
1258 1623 1311 1657 ut
1343 1611 1403 1655 ad
1433 1611 1534 1656 alti-

252 1681 475 1727 tudinem
501 1683 637 1745 tignis
670 1681 846 1727 statutis
870 1681 910 1726 86
937 1682 1262 1727 transversariis
1283 1682 1533 1745 colligatis,

253 1755 347 1800 fine
381 1756 593 1815 periculo
632 1754 880 1800 scandatur
907 1754 967 1799 ad
1006 1769 1251 1815 apparatus
1285 1753 1534 1815 spefflatio-

253 1845 381 1873 nem.
418 1828 634 1889 Spiritale
662 1828 756 1885 est,
791 1845 902 1874 cum
942 1828 1128 1888 spiritus
1161 1829 1533 1889 expressionibus

252 1901 511 1962 impulsus),
563 1902 604 1948 86
642 1903 800 1964 plagae
837 1917 1074 1961 vocesque
1105 1903 1344 1964 organicc'bs·
1375 1902 1533 1962 expri-

249 1990 463 2021 muntur.
508 1973 807 2021 Tractorium
839 1991 985 2031 ver0,
1033 1990 1143 2020 cum
1188 1991 1329 2019 onera
1358 1974 1533 2020 machi-

250 2049 321 2092 nis
358 2049 724 2108 pertrahuntur,
783 2060 864 2092 aut
901 2048 961 2091 ad
1005 2047 1306 2093 altitudinem
1351 2047 1532 2092 sublata

251 2121 558 2167 collocantur.
621 2120 853 2167 Scansoria
884 2121 1001 2165 ratio
1037 2137 1136 2165 non
1177 2132 1300 2175 arte,
1335 2120 1414 2165 sed
1450 2137 1532 2165 au-

252 2195 383 2240 dacia
416 2197 653 2258 gloriatur.
698 2194 756 2239 Ea
796 2195 1196 2250 catenationibus,
1230 2195 1272 2241 86
1304 2208 1530 2238 transver-

251 2267 401 2323 sariis,
442 2268 484 2314 86
518 2268 666 2328 plexis
711 2268 1120 2329 colligationibus,
1175 2268 1216 2313 86
1260 2267 1528 2311 erismatum

253 2339 439 2385 fulturis
463 2341 750 2386 continetur.
791 2340 930 2408 Quae
949 2352 1108 2385 autem
1128 2340 1312 2400 spiritus
1332 2338 1528 2398 potessa-

253 2422 301 2454 te
332 2413 516 2459 assumit
561 2412 805 2478 ingreffus,
856 2415 1089 2477 elegantes
1125 2413 1227 2459 artis
1271 2411 1533 2456 subtilitati·
