1600 2902
244 196 335 232 212
490 177 559 224 M.
594 177 883 226 VITRUVII
918 182 1254 231 POLLIONIS

245 286 409 341 tertia,
441 300 562 344 quae
593 283 804 329 subtilior
828 283 982 329 fuerit.
1014 288 1201 354 Quibus
1230 285 1427 335 induciis
1456 289 1497 337 8c

246 356 459 418 diligenti
478 352 781 402 tefioriorum
805 355 1045 402 fricatione
1063 360 1311 422 laevigatis,
1340 362 1397 405 de
1419 378 1499 406 co-

245 429 424 474 loribus
466 429 581 473 ratio
625 429 873 483 habeatur,
920 429 989 473 uti
1028 430 1075 473 in
1108 431 1174 475 his
1209 435 1497 492 perlucentes

245 499 512 558 exprimant
538 499 831 559 splendores,
865 516 1072 560 quorum
1107 502 1218 548 haec
1251 506 1335 550 erit
1365 505 1497 550 diffe-

244 570 395 618 rentia
426 570 468 615 8c
500 572 753 632 apparatio.

577 680 915 727 CAPUT
981 683 1146 729 VII.

622 770 693 816 De
713 773 869 817 nativis
903 772 1119 817 coloribus.

312 862 502 908 Colores
533 861 607 905 alii
638 861 744 905 sunt
771 861 853 920 qui
884 877 970 920 per
1000 860 1045 906 se
1077 861 1207 906 certis
1241 862 1352 907 locis
1387 878 1498 923 pro⁴

245 947 492 990 creantur,
529 935 570 981 Sc
606 934 716 978 inde
751 934 1025 979 fodiuntur:
1064 935 1283 978 nonnulli
1311 951 1368 979 ex
1403 936 1499 981 aliis

245 1007 386 1052 rebus
425 1002 769 1050 tratsiationibus
809 1017 889 1049 aut
930 1005 1240 1050 mixtionibus
1266 1006 1341 1051 seu
1377 1018 1498 1050 tem-

246 1080 471 1140 peraturis
514 1079 759 1139 compositi
797 1079 1133 1138 perficiuntur,
1167 1079 1236 1122 uti
1271 1079 1500 1139 praestent

247 1151 445 1197 eandem
473 1152 520 1195 in
550 1151 768 1212 operibus
801 1151 1064 1195 utilitatem.
1104 1150 1314 1194 Primum
1339 1161 1497 1195 autem

246 1224 541 1282 exponemus
579 1236 699 1280 quae
740 1238 824 1280 per
862 1222 905 1266 se
945 1222 1173 1267 nascentia
1224 1222 1500 1279 fodiuntur,

246 1295 316 1339 uti
351 1293 484 1353 quod
521 1293 693 1338 Graece
725 1294 843 1348 ὦχροι
870 1293 1051 1338 dicitur.
1081 1295 1206 1338 Haec
1234 1311 1347 1339 vero
1374 1296 1498 1340 mul-

246 1366 302 1410 tis
332 1365 443 1409 locis
470 1367 551 1425 (ut
572 1366 709 1409 etiarn
735 1365 782 1408 in
802 1366 963 1427 Italia)
993 1366 1252 1422 invenitur,
1279 1366 1355 1410 sed
1375 1382 1497 1425 quae

245 1435 398 1481 fuerat
431 1435 610 1495 optima
643 1435 818 1491 Attica,
854 1436 959 1480 ideo
988 1453 1115 1482 nunc
1138 1453 1235 1481 non
1271 1438 1494 1492 habetur,

246 1507 385 1566 quod
424 1506 617 1550 Athenis
657 1506 832 1568 argenti
870 1506 1057 1551 fodinae
1097 1523 1206 1552 cum
1249 1507 1496 1551 habuerint

246 1578 464 1633 familias,
514 1588 626 1622 tunc
658 1578 816 1636 specus
843 1577 926 1623 sub
957 1589 1072 1623 terra
1104 1579 1403 1624 fodiebantur
1435 1581 1496 1624 ad

247 1659 493 1711 argentum
529 1647 880 1693 inveniendum.
919 1650 1038 1694 Cum
1063 1650 1128 1694 ibi
1148 1666 1264 1694 vena
1289 1649 1407 1694 forte
1427 1651 1497 1696 in-

247 1721 508 1775 veniretur,
547 1719 848 1764 nihilominus
881 1721 949 1765 uti
989 1734 1230 1782 argentum
1249 1722 1497 1781 perseque-

246 1792 434 1839 bantur.
469 1792 633 1850 Itaque
654 1792 836 1850 antiqui
860 1792 1037 1854 egregia
1067 1793 1198 1852 copia
1222 1793 1304 1837 silis
1331 1794 1389 1837 ad
1410 1811 1499 1853 po-

247 1863 464 1907 litionem
485 1877 682 1922 operum
711 1861 817 1906 sunt
836 1862 911 1906 usl.
955 1863 1073 1906 Item
1101 1863 1308 1908 rubricae
1338 1865 1499 1922 copio-

248 1938 293 1982 se
319 1938 476 1982 multis
510 1938 619 1982 locis
655 1937 951 1992 eximuntur,
987 1938 1064 1982 sed
1088 1938 1293 1997 optimae
1313 1939 1498 1998 paucis,

248 2010 319 2056 uti
339 2011 494 2055 Ponto
523 2009 719 2070 Sinope,
763 2010 804 2056 8c
833 2010 1070 2072 Aegypto,
1102 2011 1150 2055 in
1173 2011 1391 2071 Hispania
1420 2010 1502 2055 Ba-

247 2083 445 2128 learibus
463 2117 475 2138 ‚
508 2099 606 2126 non
646 2082 798 2127 minus
820 2083 956 2126 etiam
979 2082 1160 2128 Lemno
1177 2117 1190 2141 ‚
1229 2083 1357 2127 cuius
1378 2083 1500 2127 insu-

248 2157 320 2200 lae
340 2152 573 2216 veffigalia
601 2153 956 2199 Atheniensibus
984 2156 1162 2200 senatus
1192 2156 1495 2216 populusque

247 2227 489 2273 Romanus
532 2226 746 2271 conceffit
776 2225 986 2272 fruenda.
1024 2228 1348 2271 Paraetonium
1384 2242 1494 2270 vero

247 2315 309 2345 ex
339 2300 441 2359 ipsls
472 2300 609 2355 locis,
636 2299 760 2343 unde
785 2299 960 2344 foditur
979 2334 993 2355 ,
1028 2300 1167 2344 habet
1188 2314 1378 2344 nomen.
1413 2297 1495 2341 Ea-

249 2371 358 2416 dem
398 2372 576 2416 ratione
619 2372 881 2428 Melinum⁷
928 2372 1061 2431 quod
1095 2373 1189 2416 eius
1224 2372 1287 2414 vis
1321 2369 1494 2414 metalli

249 2443 420 2494 insulae
449 2443 642 2507 Cycladi
669 2443 796 2488 Melo
823 2444 992 2490 dicitur
1026 2442 1124 2488 effe.
1182 2444 1314 2488 Creta
1344 2440 1498 2487 viridis
