1600 2902
212 184 303 220 Π).
460 165 529 214 Μ.
560 162 853 212 VITRUVII
883 162 1221 212 POLLIONIS

208 278 293 340 phi
322 275 515 321 dimidia
541 271 803 318 latitudine.
841 271 946 317 Hoc
980 286 1139 319 autem
1175 274 1266 319 five
1294 273 1341 318 in
1375 289 1476 318 me-

209 362 430 409 toparum
457 344 836 407 longitudinibus
853 379 864 399 ,
889 344 980 389 five
1008 345 1057 389 in
1085 346 1477 392 intercolumnio-

207 438 315 469 rum
359 416 754 464 conti-astionibus
788 417 1037 473 efficiatur,
1075 419 1137 463 est
1175 420 1475 465 mendosum,

208 498 514 565 Quapropter
544 493 729 552 antiqui
758 493 928 537 evitare
957 492 1035 536 vifi
1066 492 1172 538 sunt
1199 493 1248 538 in
1275 494 1473 538 aedibus

206 571 336 615 sacris
366 568 564 613 Doricae
586 566 880 627 symmetriae
908 566 1152 612 rationem.
1201 567 1299 611 Nos
1315 578 1475 612 autem

207 640 517 702 exponimus,
548 639 618 683 uti
653 639 769 684 ordo
790 639 992 698 postulat
1011 673 1025 695 ‚
1056 639 1471 699 quemadmodum

206 734 233 761 a
271 713 652 776 praeceptoribus
685 714 974 773 accepimu53
1021 715 1090 758 uti
1125 714 1154 757 si
1188 712 1290 773 quis
1319 714 1473 757 volue-

202 789 267 836 rit
294 789 362 833 his
396 787 654 832 rationibus
687 785 932 830 attendens
969 786 1040 830 ita'
1063 786 1272 848 ingredi,
1308 785 1477 829 habeat

205 861 535 924 proportiones
578 860 854 920 explicatas,
907 859 1082 918 quibus
1129 858 1395 903 emendatas
1435 856 1476 901 Sc

205 936 302 981 fine
336 935 458 980 vitiis
494 936 670 980 efficere
695 934 830 994 poffit
861 933 1050 978 aedium
1080 933 1309 978 sacrarum
1339 933 1478 976 Dori-

204 1025 264 1054 co
302 1025 435 1053 more
471 1004 789 1068 perfectiones.
832 1006 977 1050 Frons
1021 1006 1143 1050 aedis
1183 1005 1382 1050 Doricae
1426 1004 1476 1048 in

204 1083 346 1136 loco,
382 1097 480 1140 quo
508 1081 758 1124 columnae
793 1079 1167 1133 constituuntur,
1209 1077 1476 1130 dividatur,

204 1156 237 1201 sl
271 1155 527 1216 tetrastylos
559 1154 672 1210 erit,
705 1154 752 1197 in
789 1167 941 1214 partes
973 1165 1171 1205 xxx-'1113
1203 1152 1232 1195 fi
1262 1150 1477 1210 hexasty-

203 1233 303 1287 los,
338 1244 488 1275 XLIV:
519 1247 577 1274 ex
612 1229 677 1273 his
712 1246 814 1289 pars
855 1245 950 1274 una
980 1229 1065 1273 erit
1098 1227 1354 1281 modulus,
1387 1224 1473 1285 qui

206 1304 381 1349 Graece
424 1306 605 1361 ἐμβάτης
636 1303 832 1359 dicitur,
874 1301 1004 1347 cuius
1039 1301 1224 1347 moduli
1249 1301 1476 1346 constitu-

204 1378 338 1423 tione
371 1376 801 1422 ratiocinationibus
845 1376 1110 1422 efficiuntur
1141 1376 1292 1420 omnis
1325 1375 1476 1435 operis

204 1450 567 1495 distributiones.
604 1449 864 1494 Crallitudo
890 1451 1220 1494 columnarum
1248 1448 1333 1492 erit
1354 1447 1474 1491 duo-

203 1537 313 1566 rum
359 1521 701 1566 modulorum:
745 1521 945 1566 altitudo
983 1537 1091 1564 cum
1128 1520 1332 1578 capitulo
1366 1530 1473 1563 XIV.

206 1594 417 1654 Capituli
439 1593 685 1638 crassitudo
715 1594 855 1638 unius
878 1592 1086 1645 moduli3
1126 1591 1329 1636 latitudo
1356 1591 1475 1635 duo-

204 1683 312 1711 rum
346 1667 387 1712 Sc
411 1666 592 1711 moduli
627 1666 777 1710 sextae
807 1666 957 1726 partis.
989 1666 1244 1710 Crassitudo
1281 1665 1475 1725 capituli

205 1738 447 1783 dixidatur
468 1739 515 1782 in
541 1750 693 1798 partes
719 1750 835 1794 tres,
876 1755 900 1782 e
929 1739 1102 1799 quibus
1134 1755 1226 1783 una
1265 1738 1475 1799 plinthus

202 1824 314 1854 cum
344 1810 549 1870 cymatio
588 1810 691 1858 fiat3
738 1811 878 1853 altera
906 1810 1096 1854 echinus
1126 1826 1234 1855 cum
1269 1810 1474 1865 annuli33

203 1883 338 1926 tertia
373 1882 777 1942 hypotrachelion.
806 1882 1120 1927 Contrahatur
1144 1885 1390 1939 columna,
1412 1885 1475 1928 ita

201 1956 276 1999 uti
300 1956 347 1998 in
378 1955 515 1999 tertio
542 1956 663 1999 libro
705 1955 763 1999 de
792 1956 962 2000 Ionicis
994 1957 1055 1999 est
1087 1956 1321 2015 scriptum.
1364 1956 1477 2016 Epi-

204 2024 327 2085 flylii
361 2025 564 2070 altitudo
586 2025 722 2070 unius
759 2027 943 2071 moduli
978 2043 1086 2072 cum
1122 2028 1273 2072 taenia
1306 2029 1346 2073 Sc
1367 2039 1476 2090 gut-

207 2097 293 2151 tis;
331 2096 483 2141 taenia
517 2097 703 2142 moduli
735 2097 951 2157 septima;
990 2110 1227 2159 guttarum
1263 2100 1476 2162 longitu-

203 2166 268 2212 do
304 2167 389 2213 sub
433 2169 584 2213 taenia
632 2181 791 2214 contra
832 2171 1088 2233 triglyphos
1130 2174 1217 2216 alta
1259 2188 1367 2217 cum
1403 2187 1474 2215 re-

202 2240 311 2301 gula
346 2252 475 2299 parte
508 2241 631 2284 sexta
661 2241 845 2285 moduli
868 2243 1198 2301 praependeat.
1234 2242 1353 2287 Item
1378 2242 1473 2301 epi-

203 2312 325 2373 stylii
373 2313 575 2358 latitudo
631 2314 722 2357 ima
781 2314 1058 2373 respoudeat
1114 2311 1470 2375 hypotrachelio

205 2384 412 2429 summae
440 2387 700 2431 columnae.
745 2385 892 2447 Supra
929 2387 1194 2448 epistylium
1237 2388 1472 2431 collocan-

204 2456 257 2502 di
291 2459 400 2505 sunt
442 2461 664 2522 triglyphi
708 2476 819 2506 cum
856 2462 945 2506 suis
986 2461 1186 2523 nietopis
1221 2460 1300 2505 alti
1336 2459 1473 2504 unius
