1600 2902
301 210 384 260 DE
418 207 905 258 ARCHITECTURA
939 207 1046 256 LIB.
1080 208 1117 253 I.
1280 222 1335 256 21

89 323 172 369 cris
212 332 294 366 aut
327 336 351 365 e
384 322 713 365 columnarum
749 317 1147 371 crassitudinibus,
1192 325 1271 361 aut
1309 331 1336 360 e

86 395 341 458 triglypho,
359 394 588 447 embate33
626 393 672 436 in
689 392 841 436 balista
870 402 1027 435 autem
1052 405 1076 434 e
1092 388 1334 444 foramine,

87 468 222 528 quod
250 467 414 513 Graeci
447 470 655 523 περίτρητσν
687 465 923 517 vocitant3
960 464 1008 508 in
1043 462 1237 507 navibus
1267 462 1340 506 in-

87 540 370 595 terscalrnio,
397 538 529 599 quod
553 540 763 592 διπηχοεϊκὴ
795 536 988 590 dicitur3
1025 536 1138 580 item
1165 545 1340 580 cetero-

85 630 191 659 rum
223 628 421 674 operum
453 628 477 657 e
508 610 758 665 membris,
791 609 1028 654 invenitur
1053 609 1338 670 symmetria-

85 704 193 732 rum
233 686 534 733 ratiocinatio.
577 685 732 729 Decor
764 693 922 727 autem
966 682 1026 726 est
1067 682 1341 727 emendatus

87 757 239 818 operis
270 753 534 816 adspeRUS,
557 753 762 814 probatis
791 752 928 798 rebus
956 752 1200 811 composui
1228 768 1339 798 cum

85 826 371 875 aueloritate.
417 828 457 872 Is
494 827 730 888 perficitur
767 824 961 870 statione
983 857 997 879 ,
1041 824 1124 883 qui
1164 824 1342 870 Graece

83 903 326 957 εεμοιτισμός
360 899 559 956 dicitur,
584 899 661 944 seu
693 896 1061 953 consuetudine,
1099 908 1180 941 aut
1207 909 1343 943 natu·

85 990 146 1019 ra.
181 971 413 1026 Statione,
454 986 564 1016 cum
595 969 719 1025 Iovi,
762 968 981 1030 Fulguri,
1015 969 1056 1014 ὃς
1090 968 1264 1024 Coelo,
1297 969 1340 1014 8c

86 1042 212 1099 Soli,
239 1042 280 1089 Sc
312 1042 496 1097 Lunae,
533 1041 737 1087 aedificia
769 1040 851 1086 sub
880 1040 992 1086 divo
1012 1074 1025 1096 ,
1062 1040 1343 1102 hypaethra-

89 1133 183 1176 que
202 1116 550 1162 constituentur.
584 1114 771 1160 Horum
791 1113 916 1159 enim
932 1113 1145 1159 Deorum
1175 1113 1218 1159 Sc
1243 1113 1342 1173 spe-

87 1190 176 1233 cics
205 1186 245 1234 8c
274 1183 458 1232 effecius
476 1218 491 1241 ,
518 1186 567 1230 in
599 1197 761 1245 aperto
793 1184 978 1231 mundo
1008 1196 1151 1245 atque
1180 1176 1344 1230 lucen-

91 1263 156 1317 ti,
188 1260 445 1321 praesentes
471 1260 699 1305 videmus.
730 1259 994 1314 Minervae,
1024 1258 1064 1304 Sc
1098 1258 1267 1314 Marti,
1302 1258 1343 1303 8c

89 1334 308 1390 Herculi,
332 1333 464 1379 aedes
491 1333 689 1378 Doricae
707 1332 846 1377 fient:
883 1331 950 1376 his
968 1332 1093 1376 enim
1115 1331 1213 1375 Diis
1235 1347 1344 1390 pro·

90 1418 195 1467 pter
220 1408 467 1460 virtutem,
489 1406 581 1451 fine
605 1405 776 1450 deliciis
795 1405 1002 1450 aedificia
1022 1403 1236 1449 constitui
1261 1402 1342 1448 de-

88 1492 177 1525 cet.
195 1479 397 1534 Veneri,
417 1479 593 1534 Florae,
613 1478 931 1537 Proserpinae,
957 1477 1163 1521 fontium
1184 1477 1342 1538 Nym—

90 1552 219 1611 phis,
249 1551 492 1595 Corinthio
523 1566 689 1612 genere
718 1549 1019 1604 constitutae,
1054 1560 1183 1608 aptas
1207 1549 1341 1594 vide-

89 1623 270 1668 buntur
296 1623 465 1667 habere
492 1622 818 1683 proprietates,
851 1621 984 1681 quod
1013 1621 1078 1665 his
1105 1621 1203 1665 Diis
1230 1638 1341 1681 pro·-

90 1707 194 1756 pter
228 1694 549 1751 teneritatem,
583 1694 817 1758 graciliora
848 1694 888 1739 8<
907 1692 1099 1748 florida,
1123 1692 1342 1755 foliisque

90 1768 131 1813 Sc
161 1769 332 1814 volutis
366 1779 522 1814 ornata
559 1784 698 1828 opera
728 1765 842 1813 faesia
860 1801 872 1822 ,
913 1782 1083 1829 augere
1105 1767 1343 1813 videbun-

91 1851 166 1885 tur
184 1841 353 1885 iustum
374 1841 604 1885 decorem.
629 1840 824 1896 Iunoni,
847 1839 1048 1896 Dianae,
1074 1839 1249 1885 Libero
1269 1857 1344 1901 pa·

94 1913 181 1969 tri,
223 1913 478 1972 ceterisque
504 1912 602 1956 Diis
634 1911 716 1972 qui
749 1911 911 1956 eadem
941 1912 1048 1956 sunt
1078 1912 1348 1958 fimilitudi-

94 1998 181 2038 ne,
219 1984 248 2028 fi
286 1985 420 2030 aedes
455 1984 638 2029 Ionicae
676 1984 1029 2039 construentur,
1066 1983 1226 2029 habita
1256 1984 1344 2030 erit

93 2055 208 2099 ratio
241 2056 598 2110 mediocritatis;
648 2055 782 2115 qnod
822 2057 861 2101 &
902 2055 960 2100 ab
1005 2055 1161 2101 severo
1210 2073 1343 2103 more

95 2123 373 2170 Doricorum
392 2160 405 2182 ,
435 2126 475 2171 gc
503 2144 527 2171 a
551 2127 791 2171 teneritate
816 2127 1191 2182 Corinthiorum,
1225 2140 1346 2172 tem-

97 2195 333 2254 potabitur
357 2215 513 2243 earum
546 2199 771 2243 institutio
798 2199 1098 2258 proprietatis.
1131 2199 1207 2243 Ad
1231 2215 1345 2244 con-

99 2266 396 2313 suetudinem
429 2282 585 2315 autem
622 2271 764 2316 decor
793 2271 850 2315 sle
882 2272 1157 2331 exprimitur
1178 2305 1190 2327 ,
1234 2288 1345 2318 cum

98 2337 314 2382 aedificiis
346 2339 636 2387 interioribus
670 2343 948 2405 magnificis,
977 2344 1089 2387 item
1122 2343 1346 2390 vestibula

99 2408 423 2452 convenientia
459 2410 498 2452 ὃς
535 2413 755 2473 elegantia
792 2426 930 2458 erunt
973 2413 1097 2458 facta.
1142 2414 1188 2459 Si
1220 2416 1345 2460 enim

94 2480 313 2527 interiora
344 2479 608 2542 prospectus
638 2485 893 2533 habuerint
924 2489 1174 2548 elegantes,
1197 2488 1348 2534 aditus

1004 2551 1039 2594 Β
1072 2567 1097 2613 3
