1600 2902
241 184 333 232 208
482 178 548 222 M.
584 176 876 223 VITRUVII
910 177 1249 226 POLLIONIS

237 287 366 332 initia
403 282 772 344 expolitionibus
811 282 1136 340 instituerunt,
1181 285 1348 330 imitati
1388 285 1498 330 sunt

238 360 450 420 primum
492 358 743 402 crustarum
784 372 1147 403 marmorearum
1183 359 1417 405 varietates
1456 359 1497 404 8c

236 426 595 478 collocationes:
631 428 805 473 deinde
835 444 1141 486 coronarum,
1160 431 1201 476 8c
1227 431 1497 477 filaceorum

239 504 680 560 miniaceorumque
700 517 958 547 cuneorum
985 501 1104 546 inter
1124 502 1166 547 se
1185 504 1323 547 varias
1353 504 1498 548 distri·

239 577 478 621 butiones:
520 574 674 634 postea
705 574 880 636 ingressi
913 574 1048 629 sunt,
1089 586 1141 618 ut
1174 575 1309 619 etiam
1341 576 1499 620 aedifi-

237 648 419 695 ciorum
456 647 639 709 figums,
685 647 1112 705 columnarumque
1145 647 1186 692 Sc
1216 647 1495 710 fastigiorum

239 724 495 768 eminentes
538 716 816 781 proiefflui·as
866 720 1182 764 imitarentur:
1229 721 1498 779 patentibus

239 806 398 842 autern
428 795 565 849 locis,
599 795 666 839 uti
689 794 890 848 exedris„
921 805 1113 853 propter
1135 793 1496 852 amplitudinem

239 868 506 928 parietum,
547 866 785 910 scenarum
817 866 991 911 frontes
1026 865 1195 927 tragico
1231 882 1384 920 more,
1420 877 1499 911 aut

239 939 451 994 comico,
494 938 571 983 seu
618 938 810 998 satyrico
853 938 1167 1000 designarent:
1215 937 1498 981 ambulatio-

239 1028 321 1058 nes
352 1027 463 1057 vero
499 1021 694 1071 propter
728 1010 867 1070 spatia
901 1010 1232 1073 longitudinis,
1270 1011 1499 1055 varietati·

238 1087 326 1131 bus
363 1084 604 1143 topiorum
646 1093 863 1128 ornarent
896 1084 955 1127 ab
981 1084 1111 1128 certis
1143 1084 1355 1128 locorum
1386 1100 1498 1143 pro-

238 1156 515 1218 prietatibus
569 1156 786 1218 imagines
837 1155 1181 1215 exprimentem
1239 1155 1499 1216 pinguntur

240 1229 367 1272 enim
393 1239 554 1287 portus
570 1261 581 1281 ‚
604 1226 952 1286 promontoria,
976 1227 1134 1283 litora,
1155 1225 1374 1281 flumina,
1397 1226 1499 1270 fon-

240 1309 334 1354 tes,
358 1299 532 1359 euripi,
578 1298 680 1343 fana
698 1333 710 1354 ‚
742 1299 866 1353 luci,
902 1309 1106 1354 monteS,
1131 1315 1324 1358 pecora,
1348 1301 1499 1359 pasto-

239 1387 335 1420 res3
373 1373 611 1416 nonnullis
646 1371 755 1417 locis
791 1371 903 1416 item
946 1372 1178 1434 signorum
1217 1374 1497 1433 megalogra-

239 1444 402 1504 phiam
437 1445 691 1490 habentem
725 1445 935 1489 Deorum
973 1445 1239 1499 simulacra,
1271 1445 1346 1489 seu
1367 1444 1498 1488 fabu-

240 1516 392 1559 larum
411 1515 645 1575 dispositas
671 1516 999 1575 explicationes
1016 1549 1027 1571 7
1049 1532 1147 1559 non
1169 1516 1322 1558 minus
1342 1515 1498 1558 Troia-

240 1600 319 1629 nas
364 1602 566 1648 pugnas,
612 1588 688 1631 seu
740 1588 897 1649 Ulyffis
935 1589 1180 1632 errationes
1221 1605 1300 1647 per
1337 1589 1496 1647 topia,

242 1670 488 1717 ceteraque
531 1677 651 1719 quae
694 1660 799 1705 sunt
845 1676 1006 1705 eorum
1051 1661 1270 1706 similibus
1309 1662 1498 1705 rationi-

240 1733 351 1786 bus,
380 1731 438 1775 ab
468 1748 623 1776 rerum
655 1741 816 1775 natum
835 1742 1093 1791 procreata.
1120 1731 1211 1776 Sed
1246 1733 1355 1776 haec
1378 1748 1497 1790 quae

241 1820 265 1847 a
283 1802 518 1848 veteribus
538 1818 595 1846 ex
617 1802 731 1845 veris
755 1803 892 1846 rebus
925 1805 1139 1861 exempla
1162 1803 1463 1847 sumebantur
1482 1837 1494 1858 ‚

241 1889 371 1919 nunc
402 1873 573 1931 iniquis
602 1873 811 1917 moribus
849 1873 1190 1933 improbantur.
1240 1875 1359 1919 Nam
1392 1875 1496 1934 pin-

242 1957 419 2009 guntur
441 1943 638 1990 teeioriis
667 1948 867 1990 monstra
898 1947 1073 2006 potius,
1110 1964 1251 2006 quam
1283 1963 1339 1991 ex
1360 1947 1498 1990 rebus

243 2018 382 2062 finitis
410 2018 628 2079 imagines
661 2029 823 2062 certae.
862 2018 950 2063 Pro
983 2020 1212 2064 columnis
1248 2019 1372 2064 enim
1416 2020 1498 2063 sta-

243 2102 446 2136 tuuntur
467 2090 652 2144 calami,
683 2106 768 2149 pro
802 2090 978 2153 fastigiis
1004 2092 1342 2154 harpaginetuli
1362 2092 1498 2136 striati

243 2180 353 2208 curn
373 2164 523 2223 crispis
558 2163 675 2207 foliis
705 2163 743 2206 Sc
777 2165 971 2214 volutis;
1008 2165 1119 2209 item
1144 2165 1418 2210 candelabra
1436 2182 1487 2209 ae

245 2236 503 2280 dicularum
535 2236 798 2280 sustinentia
836 2237 1023 2298 figuras,
1062 2237 1193 2297 supra
1228 2238 1393 2300 fastigia
1428 2254 1500 2282 ea-

243 2325 347 2352 rum
391 2309 624 2371 surgentes
662 2324 719 2352 ex
762 2309 992 2353 radicibus
1031 2326 1137 2355 cum
1180 2311 1349 2356 volutis
1385 2310 1497 2353 coli-

243 2380 338 2424 culi
378 2382 522 2425 teneri
555 2382 738 2440 plures,
778 2381 997 2425 habentes
1040 2382 1086 2425 in
1121 2381 1163 2426 se
1196 2382 1288 2425 fine
1321 2381 1496 2425 ratione

245 2450 447 2496 sedentia
485 2453 647 2515 sigilla:
703 2468 800 2497 non
840 2453 997 2498 minus
1028 2453 1166 2498 etiam
1195 2470 1252 2498 ex
1291 2452 1495 2498 coliculis
