1600 2902
237 230 441 266 xxxvm
485 212 852 263 NOTITIA
896 213 1347 261 LITERARIA

399 336 490 364 cum
520 321 672 362 summo
699 320 828 361 studio
863 332 884 358 e
912 320 1113 374 diligentia
1142 333 1314 375 excepto
1343 320 1511 360 alchune

396 377 532 470 {³553ss
561 373 666 467 z‘i'sssii
692 374 828 468 {xi-331
853 375 1510 482 {5²22al³1⁰¹32nnie¹¹³haii¹3sssgissffi

399 484 525 536 fugire
554 496 621 536 per
646 482 831 535 langustia
857 483 908 521 dil
936 492 1071 534 tempo
1090 482 1156 521 δέ.
1191 495 1213 521 e
1236 481 1417 536 Impreffa
1446 481 1509 520 nel

397 549 570 577 amoena
599 536 640 577 δε
669 536 912 576 delestevole
943 535 1076 575 Citate
1105 536 1153 574 de
1168 536 1299 576 Como
1325 550 1393 590 per
1419 535 1511 574 Ma-

395 593 514 644 gistro
541 590 727 630 Gotardo
751 591 798 629 da
832 589 958 629 Ponte
983 588 1189 629 Cirtadino
1214 589 1426 629 Milanese:
1460 603 1510 629 ne

391 645 523 684 ranno
545 644 607 683 del
631 644 765 684 nostro
785 643 949 697 Signore
968 642 1056 683 Jesu
1077 642 1232 683 Christo
1253 644 1309 682 M.
1327 643 1380 683 D.
1396 643 1509 683 XXI.

394 710 475 738 xv.
496 697 638 736 menfis
655 698 676 738 J
681 698 747 737 ulii
767 697 972 750 Regnante
992 697 1017 736 il
1034 696 1355 736 Christianiffimo
1374 698 1433 736 Re
1460 697 1509 735 de

395 752 545 792 Franza
569 751 775 791 Franzisco
800 751 917 791 Duca
941 751 989 789 de
1013 750 1165 790 Milano
1186 751 1252 789 &a
1276 750 1380 790 Laus
1400 751 1510 791 Deo.

395 805 467 867 fol..
482 807 571 845 mai.
591 827 645 836 —-
664 804 817 845 AuGIor
844 805 961 844 huius
983 804 1178 844 verfionis
1197 804 1251 844 est
1276 804 1401 856 Caesar
1421 806 1509 844 Cae-

413 873 571 898 ananus.

240 926 340 968 ¹524
390 860 452 953 {4
478 913 521 952 L.
543 913 736 954 Vitruvio
756 913 935 952 Pollione
957 912 1006 951 de
1031 911 1307 952 Architeffiira
1328 910 1510 951 traduao

397 967 437 1006 di
466 967 608 1006 Latino
636 969 675 1006 in
705 967 880 1020 Vulgare
909 966 970 1005 dal
994 979 1095 1004 vero
1123 966 1344 1018 exemplare
1369 978 1446 1004 con
1473 965 1511 1003 Ie

398 1020 526 1074 figure
549 1034 572 1060 a
596 1020 622 1060 li
648 1020 705 1060 soi
729 1021 807 1060 loci
832 1033 910 1060 con
935 1021 1116 1059 mirando
1139 1020 1279 1058 ordine
1297 1018 1508 1070 insignito:

395 1087 475 1114 con
499 1075 535 1113 la
555 1074 622 1114 sua
645 1075 777 1113 tabula
799 1074 1068 1128 alphabetica:
1089 1086 1158 1125 per
1184 1073 1218 1112 la
1243 1072 1358 1125 quale
1381 1072 1510 1124 potrai

397 1127 626 1168 facilmente
659 1140 824 1168 trovare
849 1128 886 1166 Ia
914 1128 1166 1166 moltitudine
1192 1127 1240 1165 de
1266 1127 1293 1165 li
1319 1126 1509 1165 vocabuli

399 1195 422 1221 a
442 1183 468 1222 li
485 1182 540 1221 soi
562 1182 640 1221 loci
661 1195 737 1221 con
755 1181 902 1221 summa
923 1181 1124 1234 diligentia
1143 1180 1331 1233 expositi:
1355 1180 1394 1218 ἃ
1412 1191 1508 1217 enu-

397 1236 533 1275 cleati:
562 1237 638 1275 mai
657 1235 724 1289 piu
743 1236 790 1274 da
810 1237 932 1274 niuno
955 1234 1056 1273 altro
1074 1233 1129 1273 fin
1149 1233 1186 1272 al
1204 1233 1384 1286 presente
1406 1231 1508 1271 ῑεὲὶο

397 1290 445 1328 ad
477 1289 664 1330 immensa
693 1289 863 1328 utilitate
892 1289 931 1327 di
957 1287 1140 1327 ciascuno
1168 1286 1353 1326 studioso.
1385 1287 1510 1337 Infine

399 1344 553 1382 Indicis.-
580 1343 779 1395 Stampata
803 1344 842 1382 in
867 1343 1061 1390 Venetia,
1084 1342 1125 1380 in
1144 1341 1180 1379 le
1197 1340 1296 1380 Case
1317 1341 1364 1378 de
1385 1340 1510 1379 Joan-

398 1409 450 1436 ne
472 1398 649 1437 Antonio
673 1398 711 1436 &
734 1396 848 1436 Piero
868 1395 1027 1435 Fratelli
1055 1395 1104 1434 da
1131 1394 1260 1433 Sabio.
1299 1393 1376 1433 Nel
1402 1407 1508 1432 anno

397 1450 461 1489 del
482 1450 658 1503 Signore.
687 1451 742 1488 M.
771 1450 824 1490 D.
856 1449 1024 1490 XXIIII.
1054 1448 1132 1487 Del
1162 1448 1266 1487 mese
1286 1448 1320 1485 di
1343 1447 1505 1486 Martio.

402 1503 473 1544 fol.
509 1525 564 1534 -
600 1504 807 1555 Repetitio
843 1503 905 1542 ed.
936 1502 1233 1549 antecedentis,
1263 1501 1328 1539 sed
1359 1501 1507 1554 absque

397 1556 620 1597 Caesariani
644 1556 979 1595 annotationibus.

243 1620 338 1664 1535
397 1611 457 1650 M.
481 1611 524 1650 L.
547 1610 740 1650 Vitruvio
761 1609 938 1649 Pollione
961 1609 997 1647 di
1019 1607 1295 1649 Architettura
1319 1607 1382 1646 dal
1404 1620 1506 1647 vero

396 1664 499 1703 esem
534 1664 613 1702 lare
639 1663 763 1703 latino
788 1663 888 1702 nella
918 1663 1059 1714 volgar
1089 1662 1224 1714 lingua
1254 1661 1454 1701 tradotto:
1485 1673 1507 1699 e

398 1730 477 1758 con
503 1678 540 1756 Ie
570 1716 695 1770 figure
722 1729 744 1755 a
771 1716 854 1756 suoi
879 1716 1017 1769 luoghi
1045 1728 1123 1754 con
1155 1716 1336 1754 mirando
1367 1715 1506 1754 ordine

397 1771 600 1823 insignito.
640 1770 834 1810 Anchora
855 1782 931 1809 con
951 1770 987 1808 la
1005 1769 1139 1809 tavola
1156 1768 1385 1808 alfabetica:
1405 1768 1507 1808 nella

396 1825 514 1878 quale
537 1824 759 1864 facilmente
775 1823 802 1862 fi
821 1835 935 1877 potra
952 1835 1115 1863 trovare
1131 1822 1165 1862 la
1184 1822 1437 1862 moltitudine
1456 1823 1506 1861 de

393 1878 585 1919 vocaboli
607 1891 629 1917 a
652 1877 740 1917 suoi
762 1878 897 1929 Iuoghi
918 1890 998 1918 con
1019 1890 1116 1930 gran
1136 1876 1325 1929 diligenza
1342 1875 1504 1928 esposti:

395 1946 418 1972 e
446 1932 672 1971 dichiarati:
700 1932 775 1970 mai
804 1932 871 1985 piu
899 1931 948 1970 da
970 1931 1117 1970 alcuno
1142 1930 1244 1969 altro
1270 1929 1325 1969 fin
1352 1930 1387 1967 al
1414 1941 1506 1982 pre-

393 1986 506 2025 sente
521 1984 712 2048 stampato
725 1998 746 2024 a
759 1985 907 2038 grande
919 1984 1048 2024 utilita
1064 1985 1102 2023 di
1119 1982 1304 2023 ciascuno
1319 1982 1504 2025 studioso.

390 2040 434 2080 In
458 2041 529 2092 fine
542 2039 695 2079 Indicis:
726 2039 771 2077 In
792 2039 995 2091 Vinegia‚'
1013 2049 1082 2088 per
1107 2036 1253 2077 Nicolo
1276 2037 1325 2075 de
1350 2037 1505 2077 Aristo-

393 2094 464 2133 tile
491 2094 604 2133 detto
632 2093 827 2146 Zoppino.
861 2093 963 2131 Nelli
993 2091 1083 2131 anni
1112 2090 1175 2129 del
1200 2091 1340 2144 Signor
1366 2091 1504 2131 nostro

395 2145 520 2186 Giesu
534 2146 690 2187 Christo
712 2148 820 2199 dopo
838 2146 873 2185 la
897 2145 962 2186 sua
986 2144 1185 2183 natitivita
1201 2143 1319 2183 MD.
1332 2143 1501 2183 XXXV.

394 2200 459 2240 del
486 2199 588 2239 mese
614 2201 649 2239 di
674 2200 824 2238 Marzo.
853 2198 923 2239 fol.
957 2221 1011 2230 —
1045 2198 1176 2237 Editio
1204 2199 1302 2237 haec
1329 2196 1503 2237 desumta

393 2254 556 2293 videtur
574 2267 623 2292 ex
644 2253 703 2292 ed.
719 2266 781 2292 an.
804 2265 914 2303 1524.
943 2252 1064 2291 Index
1084 2264 1216 2291 tamen
1240 2253 1502 2292 Vitruviana-

393 2320 481 2348 rum
508 2307 724 2346 diftionum
750 2305 990 2346 contraffior
1013 2305 1082 2346 est.

239 2360 339 2412 1536
393 2361 670 2400 Architettura
690 2373 767 2400 con
787 2360 813 2400 iI
832 2359 902 2399 suo
921 2359 1164 2400 Commento
1187 2361 1228 2401 &
1244 2360 1399 2412 Figure.
1427 2359 1502 2398 Vi-

400 2415 539 2456 truvio
555 2415 593 2454 in
613 2414 753 2468 volgar
775 2414 908 2466 lingua
927 2425 1133 2465 raportato
1151 2429 1189 2467 p.
1210 2413 1500 2472 M.Gianb.1tista

396 2470 554 2518 Caporali
576 2470 613 2507 di
639 2468 815 2520 Perugia.
850 2468 889 2505 In
906 2469 999 2518 fine:
1023 2467 1228 2520 stampato
1250 2469 1289 2506 in
1313 2468 1471 2519 Perugia
1488 2500 1499 2516 ‚

393 2521 495 2562 nella
528 2522 741 2576 Stamperia
770 2521 830 2562 del
865 2522 998 2563 Come
1024 2522 1127 2562 Jano
1156 2521 1374 2575 Bigazzini‚
1405 2521 1433 2559 ll
1460 2522 1498 2561 di
