1600 2902
251 172 343 220 266
494 166 558 217 M.
592 171 888 219 VITRUVII
919 173 1256 223 POLLIONIS

248 282 333 327 fusl
357 280 734 326 circinationibus
768 294 1068 345 vagarentur,
1107 300 1268 345 neque
1290 277 1519 329 extentio·

248 354 390 398 nibus
427 352 626 414 porrecii
662 356 718 399 ad
764 355 935 417 trigoni
974 356 1172 401 formam
1206 359 1517 412 linearentur,

244 427 464 486 propiora
505 426 759 489 flagrarent.
819 428 873 471 Id
910 440 1066 473 autem
1098 429 1235 473 etiam
1274 427 1516 489 Euripides

248 498 536 544 Graecorum
584 508 722 560 po'e'ta
766 500 1136 545 animadvertisse
1178 499 1393 546 videtur:
1453 499 1517 544 ait

248 571 402 626 enim,
459 588 580 630 quae
623 573 804 635 longius
844 590 869 617 a
896 574 988 618 sole
1023 572 1188 627 essent,
1234 573 1345 618 haec
1375 573 1518 618 vehe-

245 646 451 691 mentius
498 646 687 701 ardere,
756 647 977 705 propiora
1018 663 1127 691 vero
1168 656 1517 706 contemperata

247 717 442 762 habere:
480 719 640 776 itaque
670 719 824 763 scribit
843 719 889 762 in
912 719 1070 765 fabula
1098 718 1394 763 Phaethonte
1420 719 1478 763 fic
1496 752 1511 775 ,

247 790 367 834 Kaisz
406 792 458 834 τοὶ
495 795 638 850 πόρ’ῥω,
672 793 725 835 τὰ
764 793 794 834 δ’
824 794 950 846 ἐγγὺς
984 793 1134 849 εὕκρατ’
1166 795 1262 846 ἔχει.
1315 790 1363 835 Si
1403 807 1515 853 ergo

247 876 317 905 res
356 861 397 907 8c
442 863 558 907 ratio
600 863 642 908 8c
686 863 1007 909 testimonium
1046 871 1213 923 poetae
1255 864 1422 909 veteris
1467 863 1518 908 id

248 934 451 980 ostendit
469 969 482 990 ‚
528 952 627 981 non
657 948 777 995 puto
804 937 936 981 aliter
964 948 1177 996 oportere
1201 937 1410 992 iudicari,
1433 936 1518 981 nifi

249 1007 664 1064 quemadmodum
682 1008 741 1053 de
759 1025 809 1054 ea
823 1026 870 1054 re
885 1009 1018 1068 supra
1031 1008 1255 1068 scriptum
1274 1009 1516 1053 habemus.

249 1078 370 1123 Iovis
389 1091 547 1125 autem
568 1081 688 1126 inter
709 1081 868 1126 Martis
889 1081 929 1126 8c
949 1081 1135 1126 Saturni
1161 1081 1515 1126 circinationem

251 1167 464 1208 currens,
496 1154 721 1199 maiorem
748 1172 890 1214 quam
923 1154 1045 1199 Mars
1063 1188 1076 1210 ‚
1111 1155 1344 1199 minorem
1367 1169 1515 1213 quam

250 1222 474 1269 Saturnus
501 1227 712 1286 pervolat
738 1227 938 1271 cursum.
965 1226 1083 1271 Item
1104 1227 1313 1287 reliquae
1336 1227 1515 1282 stellae,

251 1312 353 1355 quo
374 1299 553 1343 maiore
571 1298 740 1344 absunt
755 1300 902 1360 spatio
920 1299 979 1345 ab
1005 1311 1216 1344 extremo
1236 1301 1368 1345 coelo
1384 1333 1396 1354 ‚
1414 1315 1517 1359 pro·

250 1369 526 1430 ximamque
548 1372 721 1416 habent
740 1384 883 1417 terrae
914 1372 1261 1417 circinationem
1282 1406 1294 1427 ‚
1323 1370 1513 1416 celerius

247 1458 514 1501 percurrere
546 1445 795 1499 videntum
840 1445 976 1505 quod
1011 1461 1324 1506 quaecunque
1354 1459 1513 1488 earum

248 1516 480 1562 minorem
498 1518 844 1563 circinationem
864 1534 1098 1580 peragens,
1118 1517 1293 1577 saepius
1310 1518 1512 1573 subiens,

249 1590 467 1648 praeterit
485 1590 780 1650 superiorem.
817 1590 1241 1657 Quemadmodum
1264 1591 1293 1635 si
1319 1591 1366 1635 in
1390 1602 1511 1647 rota,

248 1679 344 1721 qua
363 1662 491 1725 figuli
516 1673 737 1718 utuntur,
759 1663 999 1723 impositae
1020 1663 1193 1708 fuerint
1217 1664 1393 1723 septem
1422 1663 1515 1707 for-

247 1736 418 1791 micae,
441 1738 713 1796 canalesque
743 1737 944 1781 totidem
969 1737 1015 1781 in
1048 1750 1147 1782 rota
1172 1734 1276 1782 facii
1306 1738 1392 1782 slnt
1426 1738 1514 1782 cir-

252 1824 362 1853 cum
377 1821 591 1853 centrum
611 1809 659 1853 in
679 1809 803 1864 imo,
824 1809 1127 1854 accrescentes
1147 1810 1204 1853 ad
1227 1822 1512 1865 extremum,

250 1880 298 1923 in
319 1881 489 1939 quibus
508 1881 593 1925 hae
611 1892 837 1942 cogantur
851 1880 1200 1925 circinationem
1221 1880 1366 1925 facere
1384 1914 1396 1935 ‚
1415 1896 1512 1925 ver·

251 1953 470 2012 seturque
505 1966 605 1998 rota
643 1953 691 1997 in
731 1954 916 1998 alteram
955 1966 1163 2014 partem,
1213 1952 1388 1997 necesse
1427 1953 1513 1998 erit

252 2043 324 2070 eas
354 2038 514 2071 contra
531 2039 658 2072 rotae
683 2027 988 2072 versationem
1021 2027 1135 2072 nihil
1164 2028 1320 2070 minus
1344 2026 1513 2071 adver-

249 2097 321 2141 sus
346 2099 509 2144 itinera
529 2101 773 2159 perficere,
800 2100 839 2143 Sc
857 2116 978 2159 quae
1001 2100 1275 2160 proximum
1295 2111 1512 2143 centrum

251 2170 468 2215 habuerit
495 2172 684 2217 celerius
703 2172 966 2235 pervagari,
999 2189 1215 2231 quaeque
1242 2184 1508 2217 extremum

252 2245 416 2290 orbem
457 2259 586 2291 rotae
627 2259 843 2309 peraget,
894 2247 1067 2291 etiamsi
1112 2263 1263 2306 aeque
1303 2246 1511 2291 celeriter

251 2319 491 2373 ambulet,
541 2331 734 2379 propter
783 2319 1157 2381 magnitudinem
1203 2318 1511 2364 circinationis

249 2392 406 2434 multo
451 2392 626 2436 tardius
655 2393 874 2452 perficere
908 2393 1104 2438 cursum.
1145 2392 1362 2437 Similiter
1398 2390 1509 2435 astra

247 2462 444 2508 nitentia
494 2477 658 2510 contra
699 2463 872 2510 mundi
914 2464 1100 2511 cursum
1138 2463 1226 2508 suis
1268 2460 1513 2506 itineribus
