1600 2902
265 202 347 249 DE
381 199 873 248 ARCHITECTURA
911 202 1020 248 LIB.
1053 203 1180 249 VIII.
1268 218 1354 266 231

91 322 251 365 turae,
291 321 470 370 praeter
507 309 884 369 hippopotamos.
916 309 1034 370 Ergo
1064 325 1171 355 cum
1202 308 1360 353 omnia

93 383 292 428 maxima
338 381 534 426 flumina
579 384 625 425 in
675 382 797 426 orbis
830 393 1055 426 terrarum
1089 381 1360 441 descriptio-

87 456 227 503 nibus
245 455 302 499 ab
325 454 657 514 septemtrione
683 454 930 498 videantur
949 452 1184 512 profluere
1200 487 1212 508 ‚
1242 451 1359 497 Afri-

90 544 185 587 que
213 527 392 585 campi,
424 525 507 585 qui
537 525 710 570 suntin
732 524 997 570 meridianis
1017 525 1228 585 partibus
1249 525 1362 570 sub—

91 597 196 645 ieffl
222 600 324 644 solis
361 598 543 654 cursui,
575 600 769 642 latentes
808 598 996 657 penitus
1038 598 1237 643 habeant
1266 598 1358 643 hu-

90 689 276 727 moreS,
320 687 407 716 nec
450 670 601 715 fontes
642 670 862 726 crebros,
907 687 1164 730 amnesque
1206 686 1361 720 raros;

89 745 374 804 relinquitur
396 778 409 799 ,
444 745 512 788 uti
541 745 695 788 multo
733 743 924 787 meliora
956 744 1254 789 inveniantur
1283 759 1359 788 cas-

89 817 184 877 pita
218 816 459 870 fontium,
505 831 624 874 quae
660 814 719 858 ad
753 814 1136 874 septemtrionem
1172 815 1357 874 aquilo-

89 904 262 933 nemve
296 884 526 947 spectant:
569 887 652 931 nisi
682 887 713 931 fi
747 887 998 932 inciderint
1029 889 1078 932 in
1106 887 1353 947 sulphuro-

88 962 191 1006 sum
230 962 389 1005 locum
411 993 424 1016 ‚
463 971 545 1004 aut
580 959 931 1016 aluminosum,
971 960 1050 1004 seu
1086 960 1352 1004 bitumino,-

89 1033 217 1086 sum;
257 1042 373 1075 tunc
408 1029 536 1075 enim
578 1042 940 1090 permutantur,
987 1029 1027 1074 8c
1064 1043 1146 1073 aut
1178 1029 1356 1075 calidae

87 1118 237 1161 aquae
271 1111 354 1145 aut
392 1100 582 1162 frigidae
619 1101 766 1145 odore
808 1102 931 1146 malo
966 1100 1007 1146 Sc
1041 1100 1199 1160 sapore
1239 1115 1354 1160 pro-

89 1175 302 1220 fundunt
333 1173 494 1218 fontes.
543 1174 717 1233 Neque
752 1175 878 1219 enim
915 1173 1087 1220 calidae
1114 1190 1263 1234 aquae
1293 1173 1356 1218 est

89 1249 186 1292 ulla
217 1247 506 1308 proprietas,
548 1246 626 1290 sed
665 1246 832 1309 frigida
871 1263 992 1307 aqua
1036 1263 1147 1292 cum
1187 1246 1355 1292 incidit

92 1337 369 1385 percurrens
403 1321 452 1364 in
487 1320 733 1365 ardentem
770 1322 958 1377 locum,
998 1320 1246 1367 effervescit
1267 1354 1280 1376 ,
1312 1320 1356 1367 Sc

88 1390 387 1455 percalefacta
426 1392 660 1455 egreditur
696 1408 780 1452 per
826 1409 964 1438 venas
999 1405 1125 1439 extra
1151 1405 1316 1438 terram
1342 1427 1359 1448 ,

90 1467 199 1511 ideo
236 1467 410 1512 diutius
448 1481 547 1510 non
580 1467 731 1525 potest
768 1482 1072 1527 permanere,
1111 1467 1188 1511 sed
1221 1466 1355 1512 brevi

90 1540 235 1599 spatio
265 1540 315 1583 fit
335 1539 509 1600 frigida.
547 1541 772 1599 Namque
802 1540 831 1584 s1
861 1541 1127 1585 naturaliter
1156 1540 1262 1584 effet
1283 1555 1355 1583 ca·

88 1613 199 1667 lida,
228 1628 325 1657 non
348 1612 686 1673 refrigeraretur
714 1614 836 1659 calor
856 1615 964 1658 eius.
1003 1614 1148 1673 Sapor
1174 1623 1354 1668 autem,

90 1682 132 1729 Sc
160 1681 302 1736 odor,
331 1681 370 1727 Sc
400 1684 529 1726 color
559 1682 654 1726 eius
680 1697 778 1727 non
808 1683 1087 1739 restituitur,
1120 1683 1253 1742 quod
1281 1683 1355 1727 iu*

93 1750 260 1797 tinClus
295 1753 335 1798 8c
370 1754 654 1799 commixtus
695 1755 757 1801 est
792 1767 985 1816 propter
1022 1766 1211 1803 naturae
1243 1756 1354 1801 sari<

91 1837 251 1871 tatem.

445 1937 778 1984 CAPUT
842 1940 985 1984 III.

94 2029 163 2076 De
197 2031 314 2092 aquis
347 2030 525 2077 calidis,
565 2031 605 2073 <b
635 2030 681 2073 de
711 2032 923 2076 variorum
950 2031 1137 2094 fontium
1157 2067 1173 2079 ,
1196 2032 1353 2092 flumi-

414 2117 546 2147 num,
585 2100 829 2163 lucidumque
860 2115 1032 2147 natura.

162 2187 282 2233 Sunt
306 2199 462 2233 autem
503 2189 642 2234 etiam
668 2192 888 2236 nonnulli
920 2191 1069 2238 fontes
1101 2193 1261 2247 calidi,
1293 2211 1353 2239 ex

95 2263 268 2321 quibus
302 2261 494 2320 profluit
525 2279 647 2321 aqua
694 2264 852 2323 sapore
893 2266 1103 2324 optimo,
1146 2281 1267 2323 quae
1302 2266 1351 2311 in

95 2335 293 2393 potione
317 2332 378 2377 ita
405 2334 465 2378 est
502 2334 645 2378 suavis
665 2368 677 2389 ,
715 2336 783 2379 uti
808 2351 894 2381 nec
917 2335 1159 2380 fontanalis
1181 2337 1238 2380 ab
1265 2337 1352 2381 Ca·-

94 2405 303 2459 moenis,
355 2420 440 2448 nec
492 2404 653 2448 Martia
688 2406 844 2452 saliens
879 2407 1176 2452 desideretur.
1225 2409 1379 2456 Haec·

92 2490 252 2523 autem
277 2493 302 2520 a
324 2487 487 2521 natura
510 2477 816 2537 perficiuntur
840 2479 908 2524 his
933 2479 1204 2526 rationibus.
1227 2479 1355 2529 Cum.
