1600 2902
388 172 1028 218 COMPEND‘IUM.
1272 193 1343 234 351

578 319 840 363 XVIII.

363 399 423 440 De
449 401 716 456 expolitionibus
748 402 1034 453 pavimentorum.

120 484 464 529 Considerandum
493 488 568 527 erit
594 497 637 527 ut
664 485 790 527 solum
817 486 973 528 firmum
998 485 1044 526 fit
1072 485 1114 527 &
1146 487 1341 540 aequale:

69 558 167 590 tunc
189 550 314 590 rudus
338 550 576 599 inducatur,
608 551 649 591 &
675 549 858 591 veffibus
875 551 1015 604 ligneis
1040 550 1249 592 contusum
1273 551 1349 591 cal-

67 625 194 654 cetur.
235 614 361 668 Supra
386 613 557 667 impensa
579 612 751 654 testacea
775 613 934 655 craffior
952 614 1191 664 inducatur,
1221 615 1349 654 &ite-

68 689 154 716 rum
180 676 357 717 vefflbus
388 674 554 717 contusa
580 673 782 716 solidetur.
811 676 955 716 Tertio
977 676 1170 724 nucleus,
1199 676 1238 715 id
1266 675 1320 715 est
1336 704 1351 724 ,

67 739 245 794 impensa
275 740 432 780 mollior
460 738 698 787 inducatur,
732 738 772 778 δι
797 740 1063 792 politionibus
1092 738 1262 790 insistat,
1293 750 1345 779 ne

67 804 187 843 rimae
208 803 367 843 inutiles
391 802 505 856 operi
533 801 826 854 relinquantur.

623 918 789 960 XIX.

229 999 288 1037 De
311 996 520 1052 pavimentis
537 996 648 1050 fitpra
682 997 971 1050 contignationem
993 996 1183 1051 finiendis,

136 1082 180 1123 In
210 1083 583 1137 contignationibus
613 1083 821 1137 diligenter
859 1083 1148 1138 respiciendum
1186 1083 1269 1134 est,
1300 1096 1346 1125 ut

65 1146 286 1199 aequalitas
313 1147 384 1186 soli
414 1147 625 1199 dirigatur:
648 1146 748 1186 Item
776 1147 904 1186 danda
931 1146 986 1187 est
1010 1160 1135 1200 opera
1151 1176 1163 1196 ,
1181 1160 1231 1186 ne
1250 1161 1345 1188 axes

64 1207 229 1260 quercei
264 1220 355 1247 cum
389 1206 575 1247 esculinis
608 1206 952 1247 commisceantur.
1008 1209 1108 1248 Nam
1145 1221 1345 1261 quercus,

63 1282 156 1310 cum
175 1282 344 1323 accepto
368 1270 535 1310 humore
567 1269 781 1309 siccescere
812 1271 992 1324 coeperit
1009 1301 1020 1319 ,
1057 1283 1274 1321 arcuatur,
1300 1272 1341 1312 &

64 1333 183 1372 rimas
205 1333 318 1385 operi
348 1332 509 1372 inutiles
534 1332 688 1372 efficiet.
736 1330 899 1372 Esculus
930 1333 1139 1378 diligenter
1170 1347 1344 1388 compo-

61 1394 129 1433 sita
158 1395 206 1434 ad
241 1395 549 1447 perpetuitatem
574 1396 707 1447 operis
734 1394 905 1433 durabit.
943 1394 1120 1439 Verum,
1154 1394 1180 1433 fi
1209 1396 1343 1448 inopia

61 1453 142 1495 loci
167 1455 324 1495 esculus
353 1455 549 1501 defuerit,
575 1456 613 1494 in
642 1455 888 1495 tenuiffimos
910 1468 1005 1495 axes
1028 1468 1201 1509 quercus
1233 1456 1344 1495 sece-

62 1528 140 1557 tur.
172 1517 221 1556 Et
242 1519 412 1570 primum
443 1519 483 1557 in
516 1516 667 1557 diredlo
693 1515 844 1556 metatis
876 1518 1020 1557 axibus
1039 1549 1051 1566 ‚
1084 1517 1342 1570 sequentibus

60 1577 99 1617 in
135 1578 363 1618 transverso
403 1577 549 1626 stratis,
590 1578 691 1617 binis
724 1578 848 1617 clavis
876 1577 1020 1617 crebro
1052 1579 1101 1617 ad
1127 1581 1341 1633 couti-gna-

61 1640 209 1680 tionem
250 1641 418 1681 confixis
446 1641 598 1680 utiliter
638 1642 752 1693 operi
783 1639 1056 1681 subiicientur.
1102 1641 1166 1680 De
1195 1655 1339 1692 cerro,

61 1713 129 1740 aut
162 1701 276 1753 fago,
311 1700 378 1741 seu
404 1701 521 1741 farno
551 1704 834 1750 coaxationes,
882 1702 989 1741 haud
1018 1704 1065 1742 ad
1098 1705 1340 1746 vetustatem

62 1766 240 1817 poterint
264 1776 510 1817 permanere.
542 1762 697 1803 laetatis
731 1765 771 1803 in
795 1764 1000 1812 ordinem,
1040 1765 1081 1805 δέ
1108 1767 1342 1820 compositis

60 1826 227 1874 axibus,
259 1826 376 1874 filex,
418 1839 487 1867 aut
518 1827 630 1880 palea
661 1827 880 1879 aequaliter
914 1825 1251 1879 supersternatur,
1295 1840 1342 1870 ut

59 1887 181 1928 calcis
201 1889 347 1929 humor
366 1888 415 1928 ad
444 1901 537 1929 axes
569 1889 778 1942 pervenire
805 1901 886 1927 non
919 1888 1047 1941 poffit.
1094 1890 1214 1931 Tunc
1234 1890 1341 1931 insu-

60 1963 130 2003 per
156 1949 462 1991 statuminentur
486 1951 580 1991 saxo
597 1981 607 1999 ,
641 1964 692 1990 ne
716 1952 860 1992 minori
888 1965 1005 2004 quam
1030 1953 1099 2006 qui
1122 1953 1237 2006 poflit
1255 1966 1340 1993 ma-

60 2027 155 2054 num
176 2016 363 2068 implere:
397 2016 670 2057 statuminibus
701 2017 831 2058 ruderi
865 2017 932 2056 seu
958 2030 1096 2066 novo,
1125 2017 1207 2057 five
1231 2019 1341 2058 redi-

61 2077 165 2116 vivo
201 2078 250 2116 ad
277 2078 374 2117 duas
406 2090 537 2131 partes
567 2091 646 2118 una
682 2079 802 2118 calcis
841 2078 1063 2119 misceatur.
1113 2079 1256 2120 Rudus
1284 2080 1340 2121 est

62 2139 233 2179 maiores
256 2140 403 2193 lapides
433 2140 588 2181 contusi
612 2154 702 2181 cum
734 2141 842 2181 calce
869 2142 996 2181 mixti.
1036 2141 1213 2194 impensa
1237 2142 1342 2183 cras-

60 2198 140 2238 fior
175 2200 309 2240 induci
348 2201 510 2242 debebit
546 2215 596 2241 ne
633 2203 762 2243 minus
794 2203 1047 2243 craffitudine
1077 2204 1223 2257 digitos
1262 2204 1334 2244 Vl,

57 2260 204 2300 Exaao
227 2262 479 2314 pavimento,
512 2265 560 2303 ad
582 2266 756 2318 regulam
780 2266 822 2305 δε.
847 2265 1016 2304 libellam
1044 2266 1158 2319 supra
1184 2268 1333 2319 impen-

57 2325 96 2364 sa
124 2325 291 2364 testacea
321 2327 482 2366 mollior
513 2328 744 2376 inducatur,
777 2329 817 2368 &a
847 2328 991 2369 siccet:
1025 2339 1108 2368 tum
1134 2340 1204 2369 aut
1231 2342 1337 2369 mar-

57 2402 146 2428 mor
163 2387 292 2428 sefflle
312 2421 323 2438 ‚
352 2402 422 2429 aut
446 2389 636 2439 tesserae,
664 2403 730 2431 aut
756 2391 932 2439 scutula,
963 2402 1032 2431 aut
1053 2392 1234 2444 trigona,
1268 2405 1338 2432 aut

55 2449 136 2490 favi
162 2449 562 2505 superimponamur3
598 2454 636 2494 &
665 2467 793 2506 usque
819 2466 870 2494 eo
893 2453 1082 2504 fricetur,
1114 2466 1158 2494 ut
1182 2454 1338 2496 iunstu-

140 2514 328 2556 Vitruvius.
998 2518 1029 2558 Z
