1600 2902
384 157 1021 202 COMPENDIUM.
1262 172 1337 217 343

656 281 754 321 vt.

484 355 542 394 De
574 371 686 407 aquae
712 356 915 396 induaione.

138 433 296 476 Duffiis
327 444 462 474 autem
498 447 626 488 aquae
660 449 836 487 quatuor
868 435 1078 488 generibus
1111 433 1234 474 fiunt:
1274 441 1343 472 aut

74 497 203 540 forma
224 497 381 539 strufflli
398 529 410 547 ‚
441 510 511 538 aut
536 497 673 538 fistulis
702 499 895 552 plumbeis
912 529 923 546 ‚
958 509 1028 538 aut
1055 498 1159 537 tubis
1188 495 1254 535 vel
1273 507 1346 534 ca-

75 561 230 601 nalibus
256 561 414 612 ligneis,
442 572 511 600 aut
530 561 635 600 tubis
659 560 854 601 fidilibus.
886 561 923 600 Si
950 573 1020 615 per
1047 559 1216 600 formam
1242 569 1345 611 aqua

75 623 258 669 ducitur,
284 620 473 661 strudura
496 622 582 660 eius
605 620 812 673 diligenter
840 620 995 661 solidari
1023 621 1167 670 debet,
1208 634 1260 661 ne
1276 633 1347 676 per

75 684 195 723 rimas
230 694 377 736 pereat.
433 681 687 722 canaliculus
721 681 873 721 formae
898 684 1007 722 iuxta
1038 683 1346 737 magnitudinem

76 756 205 797 aquae
227 745 427 796 dirigatur.
461 742 498 782 Si
530 743 668 797 planus
698 744 811 784 locus
834 744 975 791 fuerit,
1011 745 1111 799 pede
1143 745 1256 784 semis
1285 746 1349 784 in-

78 816 141 847 tra
162 818 282 860 caput
306 817 433 859 aquae
458 804 648 845 struaura
667 806 903 846 collocetur.
935 807 1005 855 Et,
1039 807 1066 846 fi
1094 807 1251 860 longior
1273 807 1351 860 pla-

79 869 177 908 nitia
203 869 344 916 fuerit,
372 869 476 907 inter
494 877 684 907 centenos
705 867 770 906 vel
796 867 876 907 LX.
905 869 1024 920 pedes
1050 868 1241 908 strufiura
1261 868 1352 908 sub-

79 932 282 979 mittatur,
323 942 367 971 ut
396 932 568 970 animata
601 944 705 984 aqua
745 945 828 972 non
867 933 980 985 pigro
1012 933 1163 986 impetu
1203 934 1352 971 decur-

78 1006 150 1035 rat.
178 995 280 1035 Nam
317 994 346 1034 s1
379 996 590 1035 intervalla
632 997 827 1035 montium
864 995 1029 1045 fuerint3
1064 997 1112 1035 ad
1141 996 1352 1035 libramen-

81 1066 166 1096 tum
185 1067 305 1108 caput
333 1068 459 1108 aquae
478 1087 488 1104 ,
509 1058 568 1096 uti
598 1057 756 1111 specus,
779 1056 847 1096 sul)
870 1069 975 1096 terra
1003 1057 1079 1096 erit
1105 1056 1354 1099 struendum,

81 1131 151 1160 aut
176 1119 358 1158 roboreis
383 1119 587 1160 canalibus
610 1132 740 1172 aquae
757 1120 898 1159 duetus
922 1130 1200 1173 componetur.
1226 1117 1355 1168 Quod

82 1179 108 1219 fi
131 1193 334 1220 concavae
359 1181 522 1220 vallium
550 1180 789 1221 dimissiones
812 1181 1054 1233 impedient;
1082 1177 1273 1218 struc‘tura
1299 1177 1356 1217 so-

81 1243 159 1284 lida
189 1244 251 1283 vel
267 1245 447 1284 arcuatili
470 1245 515 1283 ad
533 1245 808 1284 libramentum
836 1256 961 1296 aquae
986 1255 1249 1289 occurratur,
1280 1252 1352 1281 aut

82 1306 218 1346 fistulis
246 1307 440 1360 plumbeis
458 1339 468 1355 ‚
502 1320 571 1347 aut
596 1308 953 1360 canalibusaquae
983 1306 1121 1346 cursus
1149 1306 1354 1357 dirigatur.

85 1368 237 1408 Verum
266 1368 290 1406 sl
326 1370 442 1409 altior
468 1370 581 1410 locus
618 1369 763 1418 fuerit,
799 1371 904 1410 unde
939 1382 1041 1422 aqua
1068 1369 1251 1415 ducitur,
1285 1367 1358 1405 ali-

84 1442 239 1483 quanto
262 1430 425 1471 inferius
444 1432 606 1485 planitia
622 1432 763 1471 inflexa
780 1432 965 1479 libretur,
1000 1442 1043 1470 ut
1068 1431 1238 1469 veniens
1255 1441 1358 1481 aqua

84 1491 212 1533 fraelo
240 1494 390 1547 impetu
422 1494 552 1535 lenius
578 1497 776 1534 decurrat.
807 1496 893 1534 Aut
922 1494 949 1533 sl
977 1494 1137 1545 longius
1165 1492 1212 1530 de
1240 1503 1359 1530 mon-

86 1566 126 1596 te
162 1556 345 1604 ducitur,
384 1555 538 1610 saepius
574 1556 766 1596 flexuosas
796 1556 977 1609 planities
1003 1553 1139 1593 facies.
1207 1553 1360 1592 Minori

86 1619 204 1659 etiam
235 1616 366 1657 sumtu
402 1619 442 1658 δι
478 1618 611 1658 utilius
645 1619 751 1658 tubis
791 1618 973 1657 fiffilibus
999 1616 1213 1656 inducitur.
1255 1614 1359 1654 Cum

87 1694 110 1720 a
132 1681 254 1734 figulo
282 1693 377 1733 ergo
407 1680 529 1728 fient,
561 1693 610 1719 ne
636 1681 766 1721 minus
791 1680 963 1720 duorum
981 1679 1195 1731 digitorum
1223 1675 1361 1729 groffi-

89 1744 227 1784 tudine
261 1745 415 1782 corium
456 1743 640 1782 habeant.
679 1742 753 1781 Sed
795 1742 865 1794 ipsi
898 1740 1026 1780 tubuli
1064 1752 1113 1779 ex
1142 1751 1219 1778 una
1248 1750 1359 1790 parte

91 1804 338 1857 angustiores
366 1803 487 1851 fiant,
519 1816 564 1842 ut
589 1804 689 1842 alter
718 1805 758 1842 in
788 1803 955 1841 alterum
984 1813 1055 1854 per
1087 1801 1267 1840 ordinem
1295 1799 1362 1838 vel

90 1867 263 1921 palmum
291 1866 576 1918 ingrediantur.
608 1864 817 1905 lundurae
844 1877 976 1904 aurem
1000 1877 1140 1903 eorum
1163 1864 1271 1901 calce
1297 1863 1364 1901 vi-

91 1942 144 1968 va
167 1928 261 1968 oleo
283 1925 436 1967 subaGta
465 1927 701 1975 illiniantur3
737 1928 777 1967 ὅ(
811 1939 1026 1979 antequam
1054 1939 1078 1964 a
1100 1926 1230 1977 capite
1258 1936 1362 1976 aqua

91 1991 346 2039 demittatur,
371 1990 504 2028 favilla
533 2004 603 2044 per
632 2002 702 2029 eos
732 2003 823 2030 cum
853 2003 979 2043 parvo
1002 1990 1156 2042 liquore
1183 1988 1363 2035 laxetur,

94 2064 139 2092 ut
164 2053 189 2091 si
215 2066 293 2106 qua
323 2054 422 2091 vitia
450 2052 578 2091 tubuli
608 2052 816 2092 habuerint
849 2054 1123 2093 excludantur.
1162 2050 1364 2090 salubrior

95 2114 199 2153 enim
232 2115 323 2154 usus
352 2112 582 2153 tubulorum
613 2125 660 2151 ex
702 2114 863 2152 materia
889 2115 1116 2153 invenitur:
1153 2123 1201 2149 ex
1232 2110 1364 2164 plum-

96 2175 149 2213 bo
178 2176 282 2214 enim
303 2172 451 2213 cerussa
477 2173 672 2221 nascitur,
700 2186 803 2226 quae
831 2174 1066 2226 corporibus
1091 2173 1272 2211 humanis
1293 2184 1366 2211 no-

96 2239 185 2276 civa
215 2236 290 2283 est;
324 2236 544 2288 exemplum
580 2247 711 2275 autem
746 2237 862 2276 huius
889 2237 1200 2290 plumbariorum
1225 2233 1367 2273 defor-

97 2299 213 2337 mitas
242 2297 425 2350 praebet,
448 2298 516 2350 qui
544 2296 746 2337 tractando
774 2300 977 2351 plumbum
1006 2297 1180 2337 exsucati
1207 2297 1366 2348 sangui-

98 2372 149 2399 ne
177 2359 300 2399 foedo
326 2359 473 2411 pallore
503 2371 718 2399 mutantur.
764 2362 864 2401 Nam
892 2375 982 2401 cum
1015 2360 1100 2400 fere
1126 2373 1264 2400 omnes
1294 2372 1367 2398 ex-

99 2422 260 2465 struQas
298 2422 486 2462 vasorum
529 2434 809 2476 argenteorum
851 2424 916 2462 vel
947 2435 1166 2464 aeneorum
1199 2423 1366 2462 habeant
