1600 2902
265 194 348 241 DE
377 190 868 239 ARCHITECTURA
902 191 1010 237 LIB.
1044 190 1098 235 Π.
1251 206 1316 256 49

49 304 184 366 quod
216 302 452 363 putaverit
486 318 597 348 eum
635 302 846 362 primum
872 301 1047 345 institui
1081 302 1315 361 oportuis-

49 378 119 433 se,
152 393 209 421 ne
229 387 366 436 putet
392 392 470 420 me
504 375 709 420 erravisse
729 409 741 429 ,
769 375 826 420 sic
847 374 1042 419 reddam
1065 375 1310 422 rationem.

49 451 173 495 Cum
205 464 375 509 corpus
407 444 737 493 architecturae
767 447 1012 492 scriberem
1048 447 1203 507 primo
1233 465 1316 493 vo·

48 521 253 575 lumine,
286 519 476 580 putavi,
510 519 683 579 quibus
724 518 1069 563 eruditionibus
1107 520 1149 565 8c
1181 520 1316 565 disci-

49 593 188 653 plinis
212 591 318 636 effet
343 604 504 636 ornata
538 606 799 651 exponere,
838 591 1066 651 finireque
1095 593 1317 639 termina-

48 665 260 711 tionibus
290 665 386 709 eius
422 664 608 724 species,
634 663 674 708 85
699 679 723 707 e
749 663 926 721 quibus
949 662 1086 707 rebus
1106 663 1214 708 esset
1239 681 1319 709 na-

50 750 97 783 ta
121 739 299 782 dicere:
335 738 493 796 itaque
529 734 648 794 quid
684 746 899 794 oporteat
933 733 1018 780 effe
1052 737 1101 780 in
1131 737 1320 783 archite-

51 809 153 865 810,
189 811 254 855 ibi
278 809 592 869 pronuntiavi.
629 808 749 870 Ergo
781 809 830 852 in
852 808 1007 868 primo
1034 807 1092 852 de
1123 811 1226 855 artis
1245 812 1317 856 of-

53 884 183 938 ficio,
226 883 274 926 in
315 882 405 926 hoc
452 879 511 924 de
552 879 838 924 naturalibus
887 880 1104 924 materiae
1151 882 1317 938 rebus,

54 972 201 1014 quem
222 954 423 999 habeant
457 952 620 1009 usum,
655 952 923 1013 disputabo.
972 952 1191 1014 Namque
1226 957 1319 1001 hoc

52 1029 172 1073 liber
209 1044 308 1072 non
346 1026 623 1087 profitetur,
672 1026 802 1072 unde
838 1023 1137 1073 architefflura
1168 1030 1321 1075 nasca-

52 1113 156 1157 tur‚
191 1099 268 1143 sed
296 1098 427 1143 unde
454 1098 652 1160 origines
670 1098 991 1144 aedificiorum
1022 1101 1108 1145 sint
1139 1102 1320 1149 institu-

53 1183 158 1227 tae,
194 1171 235 1216 ὃς
269 1170 442 1230 quibus
475 1170 734 1216 rationibus
767 1172 999 1218 enutritae
1036 1174 1076 1220 8c
1107 1177 1320 1238 progres-

56 1245 126 1290 sae
168 1245 255 1288 sint
283 1242 505 1305 gradatim
538 1245 598 1288 ad
638 1245 757 1289 hanc
788 1245 1067 1292 finitionem.
1111 1250 1231 1313 Ergo
1256 1251 1319 1298 ita

56 1320 140 1363 suo
172 1316 338 1362 ordine
371 1316 411 1362 Sc
436 1318 544 1361 ioco
581 1317 719 1362 huius
751 1319 835 1362 erit
863 1320 1116 1365 voluminis
1150 1325 1319 1368 consti-

57 1391 194 1437 tutio.
230 1391 372 1436 Nunc
400 1401 600 1435 revertar
636 1391 696 1435 ad
730 1392 1049 1451 propositum,
1083 1394 1123 1438 gg
1151 1395 1210 1438 de
1241 1413 1323 1441 co-

58 1466 171 1525 piis,
204 1480 326 1524 quae
349 1475 481 1524 aptae
518 1464 625 1508 sunt
656 1466 976 1511 aedificiorum
1021 1465 1324 1526 perfefflioni·

59 1536 171 1591 bus,
210 1534 626 1595 quemadmodum
658 1537 907 1581 videantur
945 1537 1030 1581 esse
1066 1538 1123 1582 ab
1158 1551 1324 1585 natura

58 1625 214 1653 rerum
237 1622 500 1667 procreatae
517 1640 530 1661 ,
573 1607 844 1667 quibusque
866 1608 1177 1655 mixtionibus
1198 1612 1324 1670 prin-

59 1681 292 1741 cipiorum
329 1680 587 1742 congressus
616 1692 963 1740 temperentur,
1003 1698 1064 1725 ne
1095 1683 1289 1729 obscura
1309 1719 1322 1740 ‚

62 1756 139 1800 sed
158 1754 397 1816 perspicua
418 1754 681 1817 legentibus
703 1755 790 1799 sint
805 1789 818 1810 ,
841 1755 1164 1800 ratiocinabor.
1186 1758 1328 1803 Nam·

63 1844 158 1887 que
199 1828 328 1872 nulla
367 1826 666 1872 materiarum
695 1843 885 1888 genera,
921 1842 1079 1886 neque
1106 1844 1325 1889 corpora,

64 1916 224 1959 neque
248 1915 315 1944 res
337 1899 430 1943 sme
454 1899 794 1959 principiorum
828 1911 968 1943 coetu
996 1901 1138 1956 nasci,
1171 1918 1328 1961 neque

67 1970 226 2014 subiici
264 1965 520 2015 intellectui
547 1968 764 2029 po'ffiint,
805 1985 963 2029 neque
1000 1972 1129 2016 aliter
1165 1985 1329 2017 natura

68 2057 222 2086 rerum
263 2042 518 2101 praeceptis
557 2042 857 2101 physicorum
895 2058 1019 2086 veras
1047 2044 1220 2102 patitur
1249 2044 1366 2098 htv,

69 2114 179 2158 bero
210 2114 565 2174 explicationes,
599 2114 679 2157 nisi
704 2114 889 2170 causae,
926 2115 1172 2173 quaesunt
1196 2116 1243 2160 in
1264 2117 1332 2162 his

70 2185 207 2230 rebus
234 2218 246 2239 ,
284 2186 716 2243 quemadmodum,
760 2186 800 2232 Sc
831 2187 948 2245 quid
982 2189 1041 2231 ita
1076 2187 1191 2243 sint,
1227 2188 1336 2233 iub-

71 2257 228 2303 tilibus
263 2257 514 2304 rationibus
547 2259 750 2304 habeant
774 2258 1201 2304 demonstrationes.

209 2543 439 2590 Vitruvius.
1045 2542 1091 2590 D
