1600 2902
287 203 370 252 DE
402 201 894 250 ARCHITECTURA
927 201 1034 249 LlB.
1069 203 1149 251 VI.
1263 219 1349 268 173

97 315 286 358 alarum.
323 311 498 356 Trabes
530 327 685 356 earum
712 311 941 355 liminares
969 310 1030 355 ita
1055 311 1145 354 alte
1172 325 1353 370 ponan-

95 400 201 442 tur,
241 398 293 432 ut
332 386 599 431 altitudines
638 385 964 430 latitudinibus
1002 385 1089 429 smt
1124 387 1348 444 aequales.

94 457 377 512 Tablinum‚
409 457 438 500 fi
464 457 665 501 latitudo
698 456 796 500 atrii
836 457 920 501 erit
954 456 1136 515 pedum
1170 456 1351 517 viginti,

92 529 284 588 dempta
315 529 446 573 tertia
468 562 481 582 ,
520 528 614 572 eius
651 528 794 587 spatio
837 529 1071 587 reliquum
1104 528 1349 574 tribuatur.

91 602 137 649 Si
173 603 257 647 erit
291 603 348 646 ab
382 602 581 662 pedibus
611 601 793 662 triginta
829 602 887 645 ad
923 602 1252 663 quadraginta,
1289 617 1348 646 ex

88 676 189 721 atrii
236 675 517 730 latitudine,
563 673 743 719 tablino
798 674 1049 718 dimidium
1105 674 1358 718 tribuatur?

89 748 212 792 Cum
241 760 398 792 autem
423 747 481 792 ab
518 746 820 808 quadraginta
850 746 910 790 ad
941 746 1169 808 sexaginta
1189 781 1201 801 ,
1242 746 1346 790 lati-

88 820 209 865 tudo
231 820 469 865 dividatur
497 820 544 863 in
573 830 721 879 partes
746 819 975 878 quinque,
1001 819 1041 864 Sc
1064 836 1122 864 ex
1140 821 1207 864 his
1222 819 1345 865 duae

87 893 269 936 tablino
302 892 670 937 contribuantur.
724 891 837 936 Non
867 893 994 936 enim
1022 892 1131 935 atria
1161 893 1344 937 minora

85 979 196 1008 cum
225 963 475 1007 maioribus
507 963 687 1007 easdem
723 961 911 1022 possunt
940 962 1112 1007 habere
1144 962 1345 1024 symme-

84 1037 275 1081 triarum
306 1036 514 1081 rationes.
558 1035 602 1080 Si
636 1036 762 1080 enim
795 1037 1035 1081 minorum
1065 1037 1343 1097 symmetriis

83 1122 271 1154 utemur
300 1110 348 1153 in
376 1108 628 1153 maioribus
648 1143 660 1164 ,
695 1125 852 1170 neque
877 1111 1048 1155 tablina
1070 1127 1226 1170 neque
1244 1113 1342 1157 alae

82 1184 331 1228 utilitatem
360 1195 586 1243 poterunt
614 1184 781 1229 habere
801 1205 808 1229 :
848 1185 911 1229 sm
931 1197 1087 1229 autem
1107 1186 1340 1232 maiorum

82 1255 132 1300 in
165 1256 425 1300 minoribus
460 1267 678 1312 utemur,
714 1257 832 1301 vasta
868 1257 908 1301 8c
938 1257 1157 1302 immania
1190 1259 1237 1303 in
1270 1260 1338 1304 his

81 1346 131 1374 ea
156 1339 292 1374 erunt
319 1329 539 1374 membra.
579 1330 741 1389 Itaque
770 1329 1022 1391 generatim
1054 1331 1339 1393 magnitudi-

78 1416 195 1444 num
220 1401 418 1444 rationes
444 1400 687 1460 exquisitas
706 1435 718 1455 ‚
749 1400 789 1445 Sc
821 1401 1004 1446 utilitati
1035 1402 1075 1446 &3
1100 1399 1337 1462 adspetfhii

76 1471 426 1516 conscribendas
457 1473 632 1532 putavi.
689 1472 907 1517 Altitudo
949 1474 1115 1518 tablini
1154 1475 1212 1518 ad
1241 1487 1335 1519 tra-

74 1544 186 1589 bem
211 1541 384 1589 adiedla
412 1544 666 1589 latitudinis
700 1542 859 1590 ool-”iva
891 1547 1207 1591 constituatur.
1247 1547 1336 1592 La-

71 1618 255 1662 cunaria
282 1618 377 1662 eius
404 1618 536 1662 tertia
561 1619 815 1663 latitudinis
842 1619 901 1663 ad
928 1619 1224 1664 altitudinem
1249 1622 1331 1666 ad-

75 1687 187 1735 ieffla
224 1692 520 1735 extollantur.
570 1691 738 1735 Fauces
771 1691 1030 1736 minoribus
1062 1693 1182 1737 atriis
1212 1710 1236 1738 e
1266 1705 1331 1739 ta·

71 1762 187 1806 blini
217 1761 465 1807 latitudine
498 1762 690 1822 dempta
722 1763 879 1818 tertia,
911 1763 1163 1808 maioribus
1194 1765 1331 1810 dimi-

71 1833 144 1876 dia
174 1834 524 1878 constituantur.
579 1834 802 1896 Imagines
830 1836 941 1880 item
980 1838 1069 1880 alte
1102 1852 1209 1881 cum
1239 1837 1328 1882 suis

70 1908 351 1952 ornamentis
378 1908 434 1951 ad
463 1907 757 1953 latitudinem
785 1910 958 1954 alarum
985 1911 1070 1954 smt
1100 1911 1326 1955 constitu·

68 1989 154 2022 tae.
212 1978 498 2024 Latitudines
541 1980 761 2025 ostiorum
804 1981 863 2025 ad
909 1981 1243 2039 altitudinem,
1288 1984 1321 2028 fi

67 2047 235 2094 Dorica
265 2063 424 2106 erunt,
474 2053 541 2095 uti
574 2052 772 2108 Dorica,
803 2054 832 2096 sl
862 2053 1014 2098 Ionica
1047 2065 1209 2108 erunt,
1250 2055 1321 2100 uti

68 2121 227 2166 Ionica
259 2123 578 2181 perficiantur,
620 2126 1029 2183 quemadmodum
1067 2126 1126 2171 de
1156 2127 1321 2188 thyro-

65 2196 229 2250 mati33
259 2197 303 2239 in
334 2197 501 2254 quibus
528 2211 692 2256 quarto
727 2200 845 2244 libro
879 2201 1076 2244 rationes
1113 2201 1317 2260 symme-

64 2269 254 2313 triarum
293 2270 396 2315 sunt
432 2271 674 2330 exposltae.
722 2274 944 2333 Impluvii
975 2275 1134 2318 lumen
1167 2276 1315 2320 latum

61 2340 317 2385 latitudinis
345 2343 469 2397 atrii,
497 2359 555 2386 ne
591 2344 745 2389 minus
781 2359 968 2404 quarta,
998 2362 1056 2389 ne
1088 2347 1192 2405 plus
1223 2357 1315 2391 ter-

62 2413 122 2455 tia
164 2425 291 2472 parte
334 2415 654 2474 relinquatur:
705 2418 952 2478 longitudo
992 2417 1059 2462 uti
1094 2419 1192 2461 atrii
1224 2435 1312 2478 pro

58 2496 152 2530 rata
183 2498 310 2546 parte
354 2487 442 2531 siat.
501 2489 734 2550 Peristylia
774 2502 933 2536 autem
971 2490 1020 2533 in
1060 2492 1310 2538 transverso
