1600 2902
222 176 312 225 190
466 161 533 205 M.
566 159 855 205 VITRUVH
884 160 1220 209 POLLIONIS

215 269 407 323 Darius,
434 267 669 324 ceterique
692 281 841 328 rege5‚
875 283 987 326 quas
1011 285 1079 313 res
1097 280 1178 314 aut
1209 269 1381 329 quibus
1406 285 1473 314 ra-

215 341 423 386 tionibus
453 338 698 402 gestissent,
738 338 924 383 fuissent
961 350 1125 395 notae,
1161 342 1244 386 nisi
1282 343 1473 386 maiores

216 426 572 475 praeceptorum
595 411 1026 471 comparationibus
1053 414 1265 459 omnium
1293 431 1474 458 memo-

218 488 311 531 riae
354 485 413 530 ad
453 482 769 545 posteritatem
810 482 1154 530 commentariis
1196 485 1472 532 extulissent.

217 560 384 620 Itaque
430 546 844 619 quemadmod‘um
883 560 950 603 his
990 559 1154 622 gratiae
1195 560 1301 605 sunt
1342 577 1476 622 agen-

218 634 329 690 dae,
348 633 405 678 fic
435 644 620 688 contra,
645 632 729 691 qui
760 648 925 677 eorum
945 632 1109 692 scripta
1135 631 1360 688 furantes,
1388 649 1473 691 prio

217 707 307 752 suis
335 706 632 767 praedicant,
663 706 768 751 sunt
802 705 1128 765 vituperandi3
1166 708 1344 764 quique
1375 720 1474 748 non

218 777 415 840 propriis
444 779 806 838 cogitationibus
832 780 1047 824 nituntur
1070 776 1373 838 scriptorum,
1398 775 1476 821 led

221 853 392 897 invidis
407 851 616 897 moribus
640 851 786 895 aliena
816 852 1041 895 violantes
1071 851 1354 913 gloriantur,
1378 865 1476 893 non

217 923 371 969 modo
423 924 532 968 sunt
588 923 994 984 reprehendendi,
1055 922 1131 968 sed
1184 924 1322 968 etiam
1366 925 1477 982 quia

216 995 368 1055 impio
429 1011 558 1040 more
613 995 863 1050 vixerunt,
914 1010 1067 1054 poena
1116 994 1475 1039 condemnandi.

218 1068 322 1114 Nec
350 1081 507 1114 tamen
536 1068 619 1113 hae
650 1085 717 1113 res
752 1085 851 1112 non
883 1069 1140 1113 vindicatae
1171 1070 1383 1114 curiosius
1415 1069 1474 1113 ab

219 1142 422 1201 antiquis
462 1139 546 1186 esse
579 1152 898 1186 memorantur
921 1174 934 1196 ‚
979 1156 1187 1200 quorum
1225 1141 1373 1185 exitus
1405 1140 1478 1184 iu-

217 1215 454 1260 diciorum
484 1215 563 1274 qui
601 1213 799 1270 fuerint,
830 1230 927 1258 non
960 1215 1021 1258 est
1051 1215 1284 1268 alienum,
1310 1229 1478 1273 quem-

215 1287 484 1332 admodum
517 1287 603 1330 sint
638 1286 774 1330 nobis
813 1284 997 1340 traditi,
1044 1286 1283 1344 explicare.
1332 1283 1478 1345 Reges

216 1358 403 1404 Attalici
441 1359 615 1420 magnis
654 1357 935 1419 philologiae
972 1356 1299 1402 dulcedinibus
1335 1355 1476 1399 indu-

215 1430 277 1476 {li
303 1466 315 1487 ‚
357 1447 465 1476 curn
509 1431 735 1493 egregiam
788 1430 1119 1475 bibliothecam
1161 1428 1370 1491 Pergami
1416 1427 1477 1470 ad

217 1518 524 1546 communem
575 1498 932 1546 deletftationem
982 1501 1304 1554 instituiffent3
1362 1510 1477 1545 tunc

216 1575 330 1618 item
371 1574 694 1628 Ptolemaeus,
741 1573 925 1617 infinito
975 1574 1072 1616 zelo
1109 1572 1476 1632 cupiditatisque

214 1646 429 1691 incitatus
470 1646 653 1700 studio,
712 1662 809 1689 non
853 1645 1112 1690 minoribus
1157 1645 1383 1690 industriis
1420 1645 1479 1689 ad

219 1719 428 1763 eundem
460 1717 660 1762 modum
690 1718 995 1761 contenderat
1027 1716 1335 1762 Alexandriae
1358 1733 1480 1762 com·

218 1808 387 1854 parare.
445 1791 568 1836 Cum
599 1803 755 1836 autem
787 1792 964 1836 summa
998 1791 1236 1853 diligentia
1266 1791 1480 1851 perfecis-

218 1866 310 1919 set,
345 1879 443 1908 non
484 1865 663 1923 putavit
699 1863 749 1907 id
782 1863 878 1907 satis
916 1861 1030 1918 effe,
1065 1863 1148 1907 nisi
1182 1864 1477 1926 propagatio—

221 1937 361 1981 nibus
393 1938 439 1980 in
469 1935 741 1980 seminando
773 1947 952 1980 curaret
984 1937 1258 1999 augendam.
1313 1937 1477 1996 Itaque

221 2009 364 2054 illusis
397 2009 438 2055 &c
471 2009 678 2069 Apollini
710 2009 848 2053 ludos
878 2009 1108 2053 dedicavit
1130 2044 1141 2064 ,
1175 2009 1214 2053 8:
1250 2010 1478 2068 quemad-

222 2080 425 2125 modum
448 2081 750 2135 athletarum,
771 2081 827 2125 slc
854 2080 1179 2125 communium
1204 2080 1477 2140 scriptorum

220 2151 473 2197 viRoribus
502 2153 700 2213 praemia
729 2153 767 2196 Sc
802 2153 1000 2198 honores
1029 2153 1279 2198 constituit.
1317 2155 1398 2198 His
1418 2155 1478 2198 ita

222 2227 439 2272 institutis
463 2263 474 2282 ‚
519 2244 623 2273 cum
664 2228 765 2272 ludi
801 2227 1005 2272 adessent
1030 2262 1041 2281 a
1076 2229 1249 2273 iudices
1281 2228 1478 2284 literati,

225 2299 309 2359 qui
337 2316 387 2344 ea
413 2300 689 2359 probarent,
719 2310 845 2343 erant
876 2299 1073 2361 legendi.
1125 2300 1225 2344 Rex
1254 2316 1359 2345 curn
1388 2301 1477 2343 iam

226 2388 281 2417 ex
327 2372 509 2416 civitate
543 2373 619 2416 sex
658 2368 797 2415 leem
834 2372 1086 2427 habuisset,
1135 2388 1220 2415 nec
1256 2383 1349 2415 tam
1385 2371 1479 2415 cito

230 2443 481 2503 septimum
520 2443 748 2490 idoneum
795 2443 1057 2501 inveniret,
1094 2442 1249 2490 retulit
1281 2442 1338 2487 ad
1373 2458 1480 2500 eos,
