1600 2902
246 221 306 267 28
495 219 561 267 M.
595 216 888 265 VITRUVII
920 210 1259 265 POLLIONIS

243 323 489 368 scebantur
524 323 572 366 in
612 322 664 366 iis
702 321 843 378 locis,
889 321 1059 381 quibus
1098 336 1179 369 aut
1210 321 1387 384 oppida
1422 330 1506 369 aut

244 395 380 441 castra
410 394 564 438 stativa
593 393 1027 450 constituebantur,
1063 394 1365 455 inspiciebant
1392 394 1505 439 ieci-

243 483 358 516 nora
383 501 396 523 ‚
441 468 481 513 8c
520 467 552 511 fi
590 478 718 511 erant
753 466 897 511 livida
932 465 972 511 Sc
1003 466 1162 511 vitiosa
1191 468 1375 527 prima,
1413 468 1500 514 alia

243 541 582 596 immolabant,
618 540 887 585 dubitantes
919 552 1077 585 utrum
1108 541 1306 596 morbo,
1338 557 1397 585 an
1425 557 1505 601 pa-

244 615 346 658 buli
390 614 506 659 vitio
552 614 664 659 laesa
707 612 859 658 essent.
907 613 1031 658 Cum
1067 614 1283 673 pluribus
1323 614 1505 674 experti

244 698 402 743 erant,
442 687 483 732 86
517 688 828 748 probaverant
864 687 1092 750 integram
1126 686 1167 733 8c
1199 686 1390 732 solidam
1421 703 1505 731 na-

243 773 399 805 turam
429 760 688 804 iecinorum
725 776 783 805 ex
818 776 940 820 aqua
972 759 1013 804 Sc
1040 760 1219 819 pabulo
1238 793 1251 816 ,
1290 761 1356 805 ibi
1386 776 1502 806 con-

244 834 498 878 stituebant
539 833 839 878 munitiones.
896 832 941 878 Si
981 844 1140 878 autem
1179 833 1337 878 vitiosa
1372 832 1505 878 inve-

243 907 438 952 niebant
471 905 670 962 indicio,
712 905 1058 951 transferebant.
1104 906 1223 951 Item
1259 906 1306 949 in
1338 907 1504 951 huma-

245 979 314 1022 nis
346 977 621 1038 corporibus
660 977 952 1037 pestilentem
993 977 1199 1023 futuram
1236 977 1503 1023 nascentem

244 1049 293 1094 in
327 1050 376 1093 iis
401 1050 512 1095 locis
541 1067 689 1109 aquae
720 1050 911 1110 cibique
940 1051 1154 1110 copiam:
1196 1050 1237 1096 Sc
1269 1052 1329 1095 ita
1357 1062 1502 1095 trans-

243 1122 532 1184 migrabant,
569 1123 611 1169 &
649 1123 900 1168 mutabant
935 1123 1143 1185 regiones
1168 1157 1182 1179 ,
1228 1134 1503 1182 quaerentes

244 1193 466 1238 omnibus
502 1194 641 1239 rebus
671 1194 1000 1239 salubritatem.
1046 1195 1152 1240 Hoc
1187 1205 1346 1239 autem
1377 1194 1503 1249 fieri,

243 1265 313 1310 uti
341 1266 518 1325 pabulo
553 1267 758 1326 ciboque
792 1267 994 1312 salubres
1023 1267 1328 1328 proprietates
1353 1277 1503 1311 terrae

242 1337 515 1393 videantur,
534 1339 642 1384 licet
668 1339 1036 1384 animadvertere
1067 1339 1108 1384 8c
1143 1337 1416 1401 cognoscere
1442 1353 1500 1383 ex

241 1411 355 1472 agris
392 1411 716 1467 Cretensium,
763 1413 847 1472 qui
901 1411 1009 1456 sunt
1058 1411 1173 1456 circa
1215 1410 1502 1456 Pothereum

242 1483 427 1529 fiumen
454 1518 467 1540 ‚
515 1486 651 1544 quod
692 1486 754 1531 est
791 1486 952 1532 Cretae
986 1485 1110 1529 inter
1141 1484 1253 1528 duas
1297 1484 1502 1527 civitates

245 1555 439 1601 Gnoson
474 1557 514 1602 Sc
555 1557 828 1613 Gortynam.
875 1557 1051 1602 Dextra
1091 1556 1217 1601 enim
1256 1555 1298 1599 8c
1332 1555 1500 1600 sinistra

242 1628 340 1673 eius
369 1628 574 1673 fluminis
598 1664 612 1684 ,
674 1630 925 1689 pascuntur
969 1644 1164 1689 pecora:
1202 1627 1280 1672 fed
1320 1643 1377 1672 ex
1414 1626 1503 1683 iis,

243 1718 366 1760 quae
399 1703 649 1762 pascuntur
677 1703 896 1763 proxime
921 1703 1113 1751 Gnoson
1135 1736 1147 1758 ,
1181 1700 1390 1761 splenem
1417 1700 1500 1744 ha-

243 1774 386 1823 be11t3
430 1790 549 1833 quae
588 1786 746 1820 autem
794 1790 851 1820 ex
887 1775 1026 1819 altera
1073 1784 1233 1834 parte,
1282 1771 1499 1832 proxime

245 1846 506 1907 Gortynam
531 1882 544 1904 ‚
590 1864 687 1892 non
729 1848 906 1893 habent
943 1859 1245 1907 apparentem
1277 1846 1501 1906 splenem.

242 1918 381 1964 Unde
412 1920 550 1965 etiam
580 1920 749 1966 medici
784 1933 1055 1980 quaerentes
1086 1920 1146 1965 de
1182 1935 1233 1965 ea
1260 1936 1337 1975 re,
1364 1919 1498 1964 inve-

243 2006 418 2038 nerunt
444 1994 491 2038 In
518 1993 568 2038 iis
595 1995 706 2039 locis
731 1994 950 2049 herbam,
974 2010 1115 2053 quam
1144 2009 1313 2053 pecora
1335 1992 1501 2038 roden·

243 2065 308 2109 do
329 2099 341 2121 ,
381 2065 713 2112 imminuerant
743 2067 914 2112 lienes:
949 2066 1011 2110 ita
1047 2082 1147 2110 earn
1178 2064 1370 2109 herbam
1402 2064 1500 2108 col-

237 2139 461 2202 ligendo,
523 2152 686 2187 curant
730 2141 929 2186 lienosos
976 2141 1066 2185 hoc
1113 2139 1500 2193 medicamento,

239 2212 377 2270 quod
405 2213 544 2258 etiam
575 2216 769 2266 ἄσπληνον
808 2212 1042 2257 Cretenses
1073 2211 1296 2256 vocitant.
1343 2210 1411 2254 Ex
1440 2227 1498 2254 eo

238 2284 347 2328 licet
382 2283 519 2341 scire,
557 2284 664 2329 cibo
698 2296 841 2343 atque
873 2299 995 2342 aqua
1028 2285 1332 2344 proprietates
1363 2285 1495 2328 loco-

239 2374 345 2402 rum
364 2359 629 2404 naturaliter
644 2358 906 2418 pestilentes
923 2369 1002 2403 aut
1022 2357 1220 2402 salubres
1253 2357 1348 2402 effe.
1372 2357 1492 2400 Item

240 2426 271 2469 si
302 2427 350 2469 in
382 2429 631 2488 paludibus
661 2428 847 2474 moenia
878 2427 1126 2473 constituta
1157 2437 1295 2473 erunt
1315 2458 1328 2480 ,
1370 2440 1493 2483 quae

239 2500 432 2560 paludes
471 2501 730 2549 secundum
779 2518 906 2550 mare
945 2501 1157 2560 suerint,
1195 2495 1494 2562 specstabunt·
