1600 2902
243 209 325 256 DE
358 207 847 254 ARCHITECTURA
884 208 993 253 LIB.
1028 207 1110 252 IX.
1215 207 1307 265 267

46 318 294 379 perficiunt
313 318 582 370 circuiturn3
613 317 689 361 sed
723 315 845 361 coeli
860 315 1115 360 versatione
1132 312 1309 359 redun-

49 390 315 436 dationibus
352 389 616 434 referuntur
650 388 924 448 quotidiana
961 386 1185 446 temporis
1218 385 1306 430 cir-

46 465 292 509 culatione.
339 463 435 507 Esse
476 473 635 506 autem
676 462 780 505 alias
821 461 964 505 stellas
995 471 1307 520 temperatas,

45 535 147 580 alias
176 535 431 591 ferventes,
457 537 694 594 etiamque
725 534 906 595 frigidas
923 568 936 589 ,
969 535 1079 578 haec
1102 532 1187 578 effe
1207 549 1309 578 cau·

42 609 85 653 sa
113 608 323 664 videtur,
365 608 497 668 quod
534 608 684 653 omnis
717 608 833 669 ignis
863 608 910 651 in
943 607 1174 667 superiora
1203 609 1307 654 loca

41 682 183 726 habet
211 680 510 727 scandentem
541 680 791 725 flammam,
827 681 947 743 Ergo
980 680 1059 725 Sol
1092 682 1305 736 aethera,

43 755 126 814 qui
162 755 223 798 est
253 756 388 815 supra
422 756 464 799 se
485 790 498 810 ‚
541 753 675 798 radiis
703 768 900 797 exurens
931 754 1068 797 efficit
1099 753 1308 799 canden-

43 828 184 883 dem,
218 828 264 872 in
296 829 469 888 quibus
501 828 610 872 locis
632 827 774 871 habet
801 827 985 870 cursum
1026 826 1182 871 Martis
1202 828 1307 872 stel-

40 900 112 955 la,
151 900 308 960 itaque
341 901 518 945 fervens
547 900 605 944 ab
643 899 806 944 ardore
840 899 942 944 solis
979 899 1186 944 efficitur.
1224 899 1305 945 Sa-

41 974 169 1019 turni
197 986 381 1029 autern‚
411 973 544 1034 quod
571 973 630 1018 est
662 973 878 1032 proxima
916 986 1126 1016 extremo
1160 989 1305 1018 mun-

43 1046 139 1102 do,
172 1047 415 1108 tangitque
449 1047 708 1106 congelatas
743 1045 861 1090 coeli
893 1045 1129 1107 regiones,
1160 1045 1306 1089 vehe-

38 1130 222 1164 menter
246 1119 307 1163 est
329 1119 499 1179 frigida.
525 1118 592 1163 Ex
611 1134 666 1163 eo
686 1118 807 1163 Iovis
822 1154 834 1174 ⁷
855 1134 964 1163 cum
990 1118 1109 1162 inter
1133 1118 1302 1163 utrius-

40 1208 136 1252 que
162 1192 453 1236 circuitiones
490 1193 658 1237 habeat
695 1193 906 1246 cursum,
941 1208 964 1236 a
999 1190 1304 1254 refrigeratio-

40 1280 100 1309 ne
135 1267 379 1324 caloreque
415 1282 578 1310 eorum
608 1266 796 1320 medio,
821 1264 1154 1309 convenientes
1178 1276 1301 1311 tern-

38 1338 436 1398 peratiffimosque
472 1338 643 1382 habere
674 1338 859 1382 videtur
896 1335 1094 1383 effeetus.
1129 1339 1201 1385 De
1222 1356 1303 1385 zo-

37 1427 96 1455 na
124 1425 195 1455 X11
216 1413 450 1473 signorum
481 1412 520 1454 8:
551 1412 726 1472 septem
761 1412 1009 1468 astrorum,
1045 1414 1302 1459 contrario-

38 1500 133 1543 que
168 1501 329 1529 eorurn
372 1502 511 1543 opere
546 1501 596 1529 ac
636 1486 794 1539 cursu,
826 1486 999 1545 quibus
1040 1487 1301 1532 rationibus

35 1556 77 1602 Sc
121 1557 322 1601 numeris
355 1569 583 1601 transeant
621 1574 678 1602 ex
709 1558 839 1619 signis
869 1560 916 1602 in
949 1559 1097 1620 signa,
1143 1558 1184 1603 Sc
1216 1559 1304 1604 cir-

36 1629 218 1673 cuitum
261 1628 395 1673 suum
435 1629 701 1689 perficiant,
749 1630 819 1674 uti
858 1647 883 1674 a
919 1632 1299 1690 praeceptoribus

34 1700 218 1760 accepi,
253 1701 470 1760 exposui:
504 1717 632 1746 nunc
665 1701 724 1746 de
759 1702 977 1747 crescenti
1002 1704 1182 1749 lumine
1206 1704 1300 1750 Lu-

32 1788 120 1817 nae
150 1773 592 1833 diminutioneque,
633 1776 701 1821 uti
740 1777 964 1821 traditum
998 1777 1060 1822 est
1095 1779 1232 1824 nobis
1268 1797 1291 1824 a

31 1846 314 1902 maioribus,
353 1846 517 1891 dicam.
550 1848 762 1905 Berosus,
799 1852 928 1909 quia
949 1850 1295 1899 Chaldaeorum

33 1919 217 1963 civitate
250 1920 338 1964 slve
368 1921 556 1964 natione
587 1920 840 1983 progressus
871 1924 916 1965 in
941 1922 1119 1979 Anam,
1155 1924 1195 1969 ὃς
1223 1925 1296 1969 di‹

32 1992 267 2052 sciplinam
294 1994 538 2053 patefecit,
574 1995 631 2038 ita
655 1996 715 2039 est
753 1995 996 2055 professus:
1028 1997 1168 2055 pilam
1205 1996 1290 2042 esse

34 2079 92 2108 ex
137 2065 336 2110 dimidia
372 2079 503 2125 parte
545 2066 854 2121 candentem,
901 2069 1078 2126 reliqua
1118 2068 1290 2113 habere

34 2140 245 2182 caeruleo
267 2141 435 2186 colore,
470 2139 590 2184 Cum
616 2154 773 2185 autern
805 2142 988 2186 cursum
1023 2140 1192 2185 itineris
1222 2143 1289 2187 sui

31 2225 253 2271 peragens
295 2211 466 2257 subiret
511 2212 674 2258 orbern
710 2214 836 2269 solis,
878 2226 988 2258 tunc
1029 2233 1128 2259 cam
1157 2217 1291 2260 radiis

30 2283 72 2328 Sc
105 2283 286 2342 impetu
316 2285 473 2328 caloris
505 2287 701 2346 corripi,
745 2289 1051 2347 convertique
1085 2290 1288 2334 canden-

27 2367 152 2411 tem,
183 2368 378 2416 propter
407 2357 502 2402 eius,
527 2362 859 2420 proprietatem
898 2364 1084 2406 lumini>-
1121 2365 1176 2407 :ul
1213 2366 1288 2408 Iu-

28 2444 151 2474 men.
182 2431 302 2474 Cum
340 2444 496 2476 autern
530 2450 580 2477 ea
611 2448 798 2480 evocata
829 2436 886 2480 acl
919 2436 1020 2480 solis
1055 2438 1288 2484 orbessa-

21 2503 202 2561 periora
236 2500 440 2563 speeiet,
489 2517 603 2552 tunc
642 2508 909 2555 inferiorem
947 2522 1127 2570 partem
1162 2512 1281 2567 eius,
