1600 2902
261 212 343 261 DE
378 211 872 259 ARCHITECTURA
910 212 1018 258 Lm.
1054 211 1132 258 lx.
1236 213 1322 274 263

62 321 144 370 Sol
176 332 334 367 autem
369 322 481 384 signi
518 322 744 382 spatium,
787 321 921 381 quod
952 321 1013 366 est
1044 319 1330 366 duodecima

63 412 162 457 pars
194 394 389 451 mundi,
428 395 584 439 mense
604 405 817 440 vertente
835 394 1009 438 vadens
1041 393 1227 438 transit:
1267 390 1330 436 ita

63 468 319 514 duodecim
354 469 589 513 mensibus
623 467 879 513 duodecim
923 468 1159 530 lignorum
1191 466 1334 510 inter-

62 543 179 588 valla
210 543 537 605 pervagando,
575 558 683 587 cum
718 542 839 586 redit
874 541 932 586 ad
965 541 1013 584 id
1039 541 1221 601 signum
1248 552 1337 583 un-

63 614 124 660 de
160 617 394 676 coeperit,
428 614 829 676 perficit'spatium
850 614 1071 658 vertentis
1101 611 1224 655 anni.
1247 609 1333 659 Ex

62 707 146 746 eo,
191 707 336 751 quem
367 691 595 735 circulum
652 687 786 731 Luna
818 686 1042 732 terdecies
1072 686 1119 729 in
1151 685 1338 731 duode-

64 765 156 810 cim
186 764 420 809 mensibus
452 760 709 823 percurrit,
749 775 859 805 eum
892 759 973 804 Sol
1004 759 1170 803 iisdem
1202 774 1335 803 men-

64 836 187 882 libus
217 836 356 880 semel
387 836 679 896 permetitur.
724 832 946 878 Mercurii
979 843 1135 875 autem
1162 832 1203 877 8c
1232 831 1332 876 Ve-

66 910 186 955 neris
219 909 370 954 stellae
389 943 401 965 ,
435 909 613 952 circum
641 907 760 952 Solis
777 906 955 960 radios,
978 904 1132 950 Solem
1154 905 1333 965 ipsum,

69 985 137 1030 uti
157 994 370 1028 centrum
386 1014 399 1037 ,
425 981 668 1026 itineribus
694 989 972 1024 coronantes
989 1012 1002 1033 ,
1026 976 1240 1040 regressus
1261 993 1334 1022 re-

66 1055 266 1101 trorsum
297 1055 338 1099 Sc
361 1053 692 1099 retardationes
731 1051 920 1095 faciunt.
951 1049 1101 1094 Etiam
1133 1049 1337 1094 stationi-

66 1129 177 1183 bus,
222 1140 415 1188 propter
441 1144 541 1172 earn
574 1127 926 1171 circinationem
946 1159 959 1180 ,
1015 1135 1261 1169 morantur
1287 1125 1337 1169 in

68 1200 216 1262 spatiis
250 1199 499 1262 signorum.
538 1199 592 1243 ld
620 1208 778 1243 autem
809 1197 870 1242 ita
898 1195 984 1240 effe
1018 1197 1223 1241 maxime
1255 1211 1337 1240 co-

70 1272 306 1336 gnoscitur
338 1289 397 1317 ex
427 1271 620 1317 Veneris
651 1271 773 1314 stella
794 1303 807 1325 ‚
851 1269 985 1328 quod
1020 1285 1071 1314 ea
1103 1285 1213 1313 cum
1245 1270 1334 1313 So·-

70 1347 165 1390 lem
208 1345 458 1404 sequatur,
495 1344 598 1405 post
638 1343 848 1388 occasum
891 1343 986 1387 eius
1024 1359 1249 1403 apparens
1287 1343 1337 1386 in

73 1417 233 1472 coelo,
277 1418 610 1477 clarissimeque
633 1417 823 1471 lucens,
854 1414 1128 1479 Vesperugo
1160 1416 1338 1460 vocita-

72 1505 178 1536 tur:
224 1491 318 1536 aliis
354 1504 510 1537 autern
544 1491 839 1551 temporibus
870 1506 981 1534 eum
1019 1504 1342 1545 antecurrens,

72 1564 114 1610 8c
140 1564 289 1610 oriens
310 1578 417 1610 ante
443 1567 598 1611 lucem
617 1599 628 1620 ‚
655 1563 841 1609 Lucifer
857 1564 1135 1623 appellatur.
1175 1563 1246 1609 Ex
1265 1580 1343 1608 eo-

72 1655 170 1700 que
193 1654 541 1698 nonnunquam
569 1640 725 1699 plures
754 1637 849 1681 dies
876 1637 921 1681 in
943 1652 1040 1682 uno
1061 1636 1186 1699 signo
1208 1653 1341 1682 com-

73 1724 352 1767 morantur,
402 1714 506 1757 alias
542 1712 732 1756 celerius
767 1711 1099 1772 ingrediuntur
1140 1712 1189 1755 in
1230 1712 1345 1756 alte-

75 1799 181 1830 rum
213 1785 407 1845 signum.
444 1784 610 1843 Itaque
633 1783 768 1842 quod
801 1800 899 1828 non
930 1801 1080 1844 aeque
1113 1796 1348 1847 peragunt

75 1872 329 1902 numerum
360 1857 543 1901 dierum
584 1855 630 1898 in
678 1855 865 1917 singulis
900 1856 1061 1918 signis,
1108 1869 1345 1916 quantum

76 1929 183 1974 sunt
211 1942 416 1974 moratae
443 1928 595 1988 prium,
628 1928 932 1973 transiliendo
952 1929 1251 1974 celerioribus
1273 1929 1346 1973 iti·

78 2002 267 2046 neribus
301 2002 551 2061 perficiunt
585 2000 753 2045 iustum
789 2002 988 2046 curium.
1026 2002 1091 2045 Ita
1127 2002 1348 2060 efficitur,

81 2074 152 2119 uti
191 2075 325 2133 quod
371 2074 678 2118 demorentur
712 2075 761 2117 in
792 2075 1032 2119 nonnullis
1070 2075 1234 2137 signis,
1273 2078 1348 2121 ni-

80 2146 338 2191 hilominus
364 2163 475 2191 curn
511 2146 714 2205 eripiunt
750 2147 794 2191 se
830 2164 852 2190 a
877 2148 1135 2191 necellitatc
1164 2159 1345 2205 morae,

79 2218 288 2263 celeriter
320 2218 663 2277 consequantur
690 2219 854 2263 iustam
880 2220 1219 2265 circuitionem.
1254 2222 1344 2267 Iter

81 2303 239 2334 autem
280 2290 325 2334 in
351 2290 534 2335 mundo
576 2290 796 2335 Mercurii
829 2292 948 2335 stella
983 2293 1040 2334 ita
1068 2294 1345 2351 pervolitat,

83 2361 156 2406 nti
193 2364 515 2408 trecentefimo
538 2366 578 2409 84·
603 2365 879 2425 sexagesimo
900 2365 975 2408 die.
999 2382 1083 2424 per
1110 2367 1348 2428 lignorum

80 2431 222 2492 spatia
255 2450 438 2478 currens
470 2437 706 2494 perveniat
734 2437 793 2480 ad
828 2436 874 2479 icl
911 2436 1089 2498 signum
1109 2471 1121 2491 ,
1159 2453 1215 2481 ex
1246 2454 1346 2496 quo

80 2507 236 2566 priore
270 2508 573 2554 circulatione
605 2510 760 2570 coepit
795 2509 940 2554 facere
973 2510 1177 2554 curium:
1213 2508 1253 2554 8c
1283 2510 1347 2554 ita.

988 2574 1094 2635 R4
