1600 2902
293 160 375 207 DE
407 157 898 206 ARCHITECTURA
934 157 1042 204 LIB.
1078 157 1140 202 x.
1257 172 1344 219 33¹

88 271 159 317 uti
187 271 217 315 s1
247 285 348 315 eam
378 268 640 313 machinam
670 266 886 328 cepisset,
913 265 989 311 sua
1021 263 1139 311 effet.
1183 263 1266 309 His
1286 264 1349 312 ita

87 341 376 396 constitutis,
410 357 504 400 qua
539 339 750 384 machina
781 338 1004 385 accessura
1041 349 1167 394 erat,
1198 353 1250 381 ea
1282 354 1351 382 re-

84 415 220 476 gione
250 430 441 458 murum
473 413 706 473 pertudit,
739 412 780 458 Sc
811 412 931 456 iussit
966 427 1128 456 omnes
1155 409 1348 471 publice

81 487 125 532 Sc
150 487 367 546 privatim
383 521 396 542 ,
419 486 553 546 quod
574 487 773 546 quisque
791 484 1016 529 habuisset
1040 500 1218 544 aquae,
1241 483 1350 528 ster-

81 561 224 615 coris,
258 561 374 615 luti,
405 576 490 621 per
519 575 619 603 eam
649 557 887 602 fenestram
918 574 999 617 per
1029 558 1205 601 canales
1235 571 1349 616 pro-

82 633 342 696 gredientes
366 631 605 677 estundere
630 642 737 675 ante
769 648 975 675 murum.
1020 631 1139 675 Cum
1172 629 1239 673 ibi
1260 644 1349 673 ma-

81 722 172 766 gna
213 707 279 749 vis
318 721 501 765 aquae,
541 703 659 757 luti,
704 703 907 748 stercoris
931 737 942 757 ,
983 699 1122 748 neele
1155 701 1344 763 profusa

81 778 249 833 fuisset,
270 778 452 838 postero
483 775 558 820 die
590 775 814 836 helepolis
841 775 1060 820 accedens
1087 788 1346 834 antequam

81 851 484 911 appropinquaret
516 847 576 892 ad
606 863 826 903 murum,
862 848 910 891 in
943 847 1140 892 humida
1170 847 1349 908 voragi-

80 939 144 968 ne
190 921 287 967 aela
324 920 565 976 consedit,
613 935 699 964 nec
737 920 986 983 progredi,
1038 936 1123 965 nec
1162 919 1348 982 regredi

79 995 237 1056 postea
279 995 450 1055 potuit.
500 993 666 1053 Itaque
701 992 969 1039 Demetrius
1010 1011 1119 1038 cum
1165 991 1347 1037 vidisset

78 1067 299 1127 sapientia
330 1066 552 1129 Diogneti
581 1066 624 1110 se
657 1064 911 1126 deceptum
947 1066 1060 1122 esse,
1092 1083 1202 1110 cum
1235 1064 1347 1110 clas-

79 1140 124 1185 se
156 1141 233 1184 sua
264 1140 466 1185 discessit.
518 1140 660 1185 Tunc
696 1138 871 1185 Rhodii
904 1139 1128 1202 Diogneti
1159 1139 1341 1184 solertia

79 1213 262 1258 liberati
294 1213 446 1269 bello,
480 1214 672 1274 publice
701 1214 862 1276 gratias
894 1227 1118 1278 egerunt,
1145 1214 1344 1260 honori-

80 1287 267 1346 busque
302 1287 522 1332 omnibus
558 1304 668 1332 eum
700 1287 742 1332 8c
777 1287 1059 1332 ornamentis
1090 1303 1344 1332 exornave-

78 1372 204 1404 runt.
239 1360 501 1423 Diognetus
539 1371 697 1406 autem
741 1376 840 1405 eam
870 1360 1122 1421 helepolim
1154 1360 1345 1405 reduxit

78 1435 127 1479 in
160 1433 326 1478 urbem
358 1432 397 1477 ὃς
423 1433 472 1477 in
500 1433 696 1493 publico
726 1434 972 1478 collocavit
990 1467 1002 1489 ,
1029 1433 1070 1477 8c
1096 1433 1345 1493 inscripsit,

77 1506 321 1566 Diognetus
345 1523 365 1550 e
391 1507 599 1550 manubiis
629 1506 674 1550 id
696 1507 844 1569 populo
870 1506 984 1551 dedic
1007 1523 1171 1550 munus.
1206 1506 1273 1551 Ita
1293 1506 1341 1550 in

75 1579 414 1642 repugnatoriis
439 1579 603 1634 rebus,
621 1594 718 1623 non
747 1589 931 1624 tantum
963 1578 1231 1633 machinae,
1261 1578 1340 1623 sed

77 1653 219 1696 etiam
254 1651 458 1696 maxime
487 1651 671 1695 consilia
701 1649 808 1695 sunt
843 1650 1170 1709 comparanda.
1226 1650 1342 1696 Non

78 1723 235 1768 minus
267 1723 388 1767 Chio
406 1757 419 1779 ,
450 1740 559 1768 curn
582 1723 716 1782 supra
735 1738 873 1767 naves
892 1720 1217 1766 sambucarum
1245 1739 1344 1767 ma-

77 1796 234 1841 chinas
266 1796 411 1840 hostes
447 1793 858 1855 comparavissent‚
915 1790 1060 1837 noelli
1100 1794 1204 1838 Chii
1250 1805 1343 1838 ter-

78 1885 201 1925 ram,
235 1885 448 1923 arenam,
477 1867 651 1928 lapides
682 1867 980 1927 proiecerunt
1007 1866 1053 1909 in
1081 1883 1207 1911 mare
1230 1879 1340 1912 ante

77 1959 287 1988 murum.
334 1942 403 1987 Ita
435 1943 499 1987 illi
535 1942 717 2002 postero
751 1941 827 1985 die
858 1956 966 1984 cum
1005 1941 1224 1985 accedere
1254 1958 1341 1987 vo-

76 2017 262 2062 luissent
283 2051 295 2071 ,
323 2033 461 2062 naves
492 2016 625 2075 supra
652 2014 1018 2078 aggerationem,
1043 2031 1162 2074 quae
1190 2015 1339 2059 fuerat

78 2088 163 2133 sub
195 2105 342 2148 aqua,
379 2088 623 2142 sederunt,
659 2103 745 2132 nec
777 2086 836 2131 ad
873 2102 1062 2131 murum
1099 2086 1337 2142 accedere,

78 2176 165 2205 nec
184 2160 402 2205 retrorsus
425 2160 468 2204 se
488 2160 691 2220 recipere
709 2171 995 2220 potuerunt:
1026 2160 1102 2204 sed
1129 2160 1193 2204 ibi
1221 2160 1338 2204 mal-

76 2234 206 2279 leolis
225 2235 436 2279 confixae
458 2234 676 2280 incendio
707 2234 811 2277 sunt
837 2232 1155 2294 conflagratae.
1192 2230 1339 2291 Apol-

75 2307 202 2352 lonia
236 2322 432 2366 quoque
476 2323 585 2351 cum
637 2305 1063 2359 circumsideretur,
1098 2305 1138 2350 8<
1174 2304 1336 2364 specus

75 2380 224 2426 hostes
254 2378 479 2423 fodiendo
513 2379 765 2439 cogitarent
805 2379 895 2422 sule
928 2377 1183 2438 suspicione
1218 2378 1336 2422 intra

73 2455 258 2500 moenia
284 2464 551 2514 penetrare3
585 2453 633 2498 id
660 2467 815 2499 autem
844 2469 953 2499 cum
986 2470 1010 2497 a
1038 2453 1335 2514 speculatori-
