1600 2902
292 136 374 186 DE
408 135 907 183 ARCHITECTURA
949 137 1056 184 LIB.
1092 138 1175 185 IX.
1285 153 1378 202 277

107 264 178 294 eas
224 244 419 290 umbrae
482 243 588 289 facit
630 242 737 290 odio
777 245 826 289 in
872 245 1188 290 declinatione
1221 245 1377 304 coeli,

108 336 228 381 quae
254 319 316 363 est
334 319 524 365 Romae.
568 320 785 379 Itemque
805 320 1000 364 Athenis
1021 337 1164 380 quarn
1187 335 1380 383 magnae

106 394 212 438 sunt
255 393 503 455 gnomonis
545 406 695 452 partes
737 403 974 452 quatuor,
1035 394 1233 438 umbrae
1273 394 1381 438 funt

104 476 206 511 tres.
267 462 343 508 Ad
375 464 554 525 septem
586 464 758 508 Rhodo
794 464 1027 524 quinque.
1088 466 1151 510 At
1186 464 1378 510 Tarenti

101 551 278 581 novem
308 536 365 580 ad
402 538 640 580 undecim.
696 534 1004 581 Alexandriae
1034 548 1121 582 tres
1148 537 1205 581 ad
1237 536 1380 596 quin-

104 624 226 667 que:
269 608 526 666 ceterisque
554 606 774 651 omnibus
810 609 922 653 locis
954 609 1068 654 aliae
1106 608 1198 654 alio
1227 609 1378 654 modo

105 680 301 732 umbrae
361 696 661 759 gnomonum
711 678 1071 739 aequinoffiales
1112 682 1170 725 ab
1214 695 1378 727 natura.

102 768 262 798 rerum
317 752 624 797 inveniuntur
665 751 930 812 disparatae
986 755 1154 813 Itaque
1184 754 1232 798 in
1270 754 1378 813 qui-

101 824 386 884 buscnnque
440 825 552 869 locis
585 825 826 888 horologia
861 837 997 871 erunt
1032 827 1339 872 deteribenda
1360 859 1376 882 ‚

106 913 163 942 eo
200 897 291 941 loci
322 896 548 941 sumenda
589 897 651 941 est
690 895 1040 957 aequinofflialis
1082 899 1263 944 umbra.
1318 899 1378 944 Et

103 969 135 1013 fi
174 980 312 1014 erunt
361 969 819 1028 (quemadmodum
859 970 1077 1033 Rornae)
1121 972 1378 1035 gnomonis

101 1053 252 1103 partes
283 1058 486 1099 novem,
521 1043 717 1088 umbrae
750 1039 977 1101 octonae,
1010 1044 1294 1090 describatur
1323 1045 1375 1091 li-

101 1130 189 1159 nea
220 1115 268 1158 in
296 1114 513 1174 planitia,
544 1114 586 1160 Sc
616 1132 674 1160 ex
703 1115 856 1160 media
887 1118 977 1172 πρὸς
1002 1117 1114 1174 ὀρθάς
1146 1117 1374 1179 erigatur,

100 1188 171 1232 uti
202 1187 254 1231 fit
284 1186 343 1231 ad
374 1203 615 1243 normam,
653 1205 775 1247 qnae
803 1188 971 1233 dicitur
999 1205 1245 1251 gnomon:
1287 1189 1327 1236 Sc
1350 1208 1376 1237 a

103 1260 225 1312 linea
269 1277 389 1319 quae
427 1259 511 1305 erit
555 1260 804 1320 planitieS,
850 1260 898 1303 in
936 1260 1080 1305 finem
1122 1263 1376 1323 gnomonis

101 1334 274 1378 circino
306 1350 481 1379 novem
519 1336 658 1395 spatia
690 1334 1022 1388 dimetiantur3
1060 1334 1100 1380 Sc
1132 1351 1229 1394 quo
1266 1337 1376 1380 loco

99 1421 254 1451 nonae
284 1407 423 1466 partis
456 1408 635 1470 signum
668 1406 834 1461 fuerit,
863 1417 1082 1451 centrum
1119 1408 1373 1452 constitua-

98 1490 203 1535 tur,
239 1479 322 1524 ubi
351 1482 435 1526 erit
464 1482 592 1526 litera
617 1480 684 1535 A;
717 1481 757 1527 Sc
791 1477 993 1524 didufflo
1024 1480 1199 1526 circino
1229 1482 1290 1525 ab
1311 1499 1370 1527 eo

98 1562 260 1595 centro
297 1550 357 1594 ad
396 1550 567 1596 lineam
606 1551 859 1611 planitiae,
905 1551 988 1595 ubi
1024 1552 1107 1596 erit
1145 1553 1274 1598 litera
1307 1553 1373 1611 B,

100 1625 337 1670 circinatio
367 1626 525 1672 circuli
557 1625 872 1681 describatur,
904 1641 1025 1684 quae
1060 1626 1233 1671 dicitur
1264 1628 1372 1674 Me-

99 1700 286 1748 ridiana.
330 1700 516 1745 Deinde
545 1716 601 1745 ex
632 1716 805 1744 novem
837 1700 1046 1760 partibus
1069 1735 1082 1756 ,
1114 1718 1235 1761 quae
1260 1703 1372 1749 sunt

99 1790 122 1818 a
145 1773 340 1832 planitia
371 1772 429 1817 ad
459 1772 711 1834 gnomonis
746 1785 964 1817 centrum
985 1807 997 1828 ,
1039 1770 1143 1818 οᾶὶο
1178 1775 1371 1820 suman-

98 1858 200 1901 tur,
223 1847 264 1892 8c
286 1847 522 1909 signentur
552 1847 599 1891 in
632 1847 753 1891 linea
774 1881 787 1902 ,
821 1864 945 1907 quae
978 1847 1039 1891 est
1072 1847 1118 1892 in
1153 1850 1366 1908 planitia,

98 1918 184 1962 ubi
221 1918 305 1962 erit
345 1918 473 1963 litera
500 1919 549 1963 C.
617 1918 745 1964 Haec
788 1931 948 1964 autem
990 1920 1074 1962 erit
1114 1921 1366 1981 gnomonis

96 1987 446 2047 aequinotffialis
481 1992 675 2036 umbra:
727 1992 769 2037 ὃς
808 1991 867 2035 ab
906 2008 962 2036 eo
1000 1993 1126 2051 ligno
1160 1994 1200 2037 Sc
1236 1994 1366 2039 litera

98 2061 163 2117 C,
199 2080 280 2122 per
312 2075 525 2109 centrum
558 2065 640 2109 ubi
672 2066 734 2109 est
762 2066 890 2110 litera
917 2067 954 2111 A
983 2100 995 2121 ,
1033 2066 1150 2109 linea
1185 2068 1363 2125 perdu-

96 2146 253 2190 catur,
274 2137 356 2181 ubi
381 2138 466 2182 erit
489 2137 607 2182 Solis
631 2137 980 2197 aequinofiialis
1012 2139 1180 2181 radius.
1221 2140 1364 2184 'Iunc

96 2208 155 2252 ab
193 2222 354 2253 centro
391 2208 588 2255 didmsto
626 2213 800 2257 circino
841 2212 899 2256 ad
933 2214 1100 2256 lincam
1142 2213 1363 2270 planitiae

93 2281 396 2339 aequilatatio
426 2284 658 2345 signetur,
693 2285 773 2328 ubi
805 2287 888 2330 erit
918 2286 1045 2330 litera
1067 2285 1101 2328 E
1124 2287 1364 2332 linisterio-

95 2370 143 2399 re
176 2368 335 2413 pirre,
365 2355 405 2399 Sc
435 2357 454 2400 Ι
487 2357 751 2403 dexteriore
788 2359 835 2403 in
864 2358 1081 2403 extremis
1117 2359 1247 2404 lineis
1272 2360 1359 2406 cir-

27 2452 29 2455 ·
90 2426 368 2484 cinationis,
412 2428 453 2475 8c
488 2446 570 2489 per
611 2443 827 2476 centrum
865 2430 1168 2491 perducenda
1202 2433 1359 2491 linea,

1014 2492 1103 2557 53
