1600 2902
281 178 367 226 DE
400 177 897 225 ARCHITECTURA
931 178 1041 228 LIB.
1074 178 1135 224 X.
1247 195 1339 244 333

84 304 233 349 aquae
266 287 599 343 multitudine,
640 288 682 333 8c
706 289 764 333 ab
799 289 931 333 ruina
959 287 1118 348 specus
1137 322 1149 344 ‚
1177 303 1342 332 ornnes

83 362 189 406 sunt
207 362 420 421 oppreffi.
458 360 608 406 Etiam
641 378 750 406 curn
781 378 913 424 agger
933 361 991 406 ad
1012 376 1203 406 murum
1232 375 1344 405 con-

82 444 151 479 tra
182 451 258 479 eos
288 446 659 495 compararetur,
693 435 734 480 8:
767 434 1008 479 arboribus
1047 434 1225 489 excifis‚
1264 449 1345 478 eo-

79 522 175 565 que
221 508 455 552 collocatis
475 542 486 562 ‚
522 509 651 551 locus
697 508 914 566 operibus
961 517 1340 569 exaggeraretur;

80 579 247 624 balistis
279 577 427 625 veeles
458 580 624 625 ferreos
649 580 900 624 candentes
926 580 975 624 in
1003 580 1050 625 id
1071 579 1307 624 mittendo
1325 614 1341 634 ‚

78 662 230 696 totam
260 652 580 697 munitionem
612 660 868 714 coegerunt
903 650 1198 714 conflagrare.
1244 651 1341 696 Te-

74 723 212 769 studo
250 736 408 770 autem
448 724 651 770 arietaria
687 740 800 769 curn
835 725 892 768 ad
930 741 1122 770 murum
1151 724 1342 784 pulsan-

72 796 193 840 dum
211 797 446 842 accessisset
461 832 474 854 ‚
503 797 790 842 demiserunt
819 799 1045 856 laqueum
1059 832 1072 852 ‚
1092 798 1132 843 &⁴
1153 814 1208 842 eo
1229 797 1342 842 arie-

76 879 124 913 te
149 866 391 914 constricsto
405 904 417 925 ‚
439 885 523 929 per
542 881 827 929 tympanum
846 881 998 932 ergata
1019 871 1338 931 circumagen-

77 951 144 985 tes
164 974 177 996 ,
211 941 427 1001 suspenso
455 942 604 1001 capite
638 941 764 998 eius,
796 958 896 986 non
933 942 1039 987 sunt
1070 942 1177 1002 paffi
1210 943 1339 1005 tangi

76 1030 282 1059 murum.
317 1014 541 1073 Denique
561 1024 709 1059 totam
733 1015 997 1059 machinam
1030 1015 1339 1060 candentibus

76 1086 301 1130 malleolis
335 1087 375 1131 84:
416 1086 681 1131 balistarum
714 1089 855 1148 plagis
890 1088 1232 1147 dissipaverunt.
1271 1088 1341 1134 Ita

73 1159 158 1203 hae
177 1155 365 1203 viCtoria
393 1158 626 1214 civitates,
662 1175 761 1204 non
788 1160 1033 1216 machinis,
1066 1161 1147 1204 sed
1174 1173 1338 1207 contra

74 1231 398 1276 machinarum
451 1231 706 1287 rationem,
749 1229 1106 1278 architefiorum
1152 1232 1339 1279 solertia

74 1305 180 1349 sunt
207 1305 437 1349 liberatae.

142 1378 273 1444 Quas
294 1377 430 1437 potui
455 1377 514 1421 de
542 1378 764 1423 machinis
783 1378 1003 1438 expedire
1028 1379 1224 1424 rationes
1253 1397 1338 1440 pa-

71 1452 133 1496 cis
170 1450 379 1509 bellique
411 1449 734 1509 temporibus,
773 1449 813 1494 8c
851 1451 1098 1495 utilissimas
1142 1453 1338 1511 putavi,

72 1525 122 1570 in
149 1525 237 1569 hoc
267 1523 510 1569 volumine
536 1524 724 1584 perfeci.
762 1524 816 1568 In
842 1524 1074 1584 prioribus
1106 1542 1218 1569 vero
1247 1542 1336 1570 no-

70 1615 208 1655 vem,
245 1597 304 1642 de
340 1597 523 1659 fingulis
560 1597 806 1660 generibus
837 1598 877 1642 Sc
900 1598 1108 1657 partibus
1142 1614 1337 1658 compa-

71 1672 191 1727 ravi,
208 1672 276 1716 uti
297 1683 453 1715 toturn
471 1687 640 1731 corpus
659 1672 817 1716 omnia
835 1669 1165 1716 architeffilurae
1185 1689 1332 1717 mem-

71 1744 157 1790 bra
188 1742 238 1788 in
265 1742 430 1789 decem
455 1742 781 1789 voluminibus
807 1742 998 1788 haberet
1024 1744 1266 1804 explicata.
