1600 2902
214 217 307 263 140
462 199 527 246 M.
561 201 855 250 VITRUVII
887 203 1230 255 POLLIONI&

207 322 254 356 ta
295 308 567 357 diatessaron
604 311 664 357 ad
703 311 893 356 mesen:
939 313 1065 360 sexta
1105 313 1379 363 diatessaron
1417 317 1482 363 ad

206 383 611 443 hypatenmeson:
645 384 693 428 in
735 384 895 428 medio
931 401 1083 431 unum
1116 387 1386 433 diatessaron
1416 388 1480 435 ad

203 453 651 516 hypatenhypaton.
698 455 765 501 Ita
798 455 882 501 hac
913 457 1267 507 ratiocinatione
1298 476 1393 506 vox
1416 459 1481 507 ab.

206 527 341 573 :scena
374 529 442 575 uti
464 531 523 573 ab
556 540 719 575 centro
753 529 939 590 profusa
968 531 1013 576 se
1053 531 1385 597 circumagens,
1408 544 1478 577 ta-

206 599 386 661 c‘luque
413 602 578 649 feriens
610 604 901 667 singulorum
930 604 1146 650 vasorum
1184 622 1315 661 cava,
1354 606 1478 651 exci-

203 676 373 721 taverit
411 673 595 722 auttam
630 679 915 734 claritatem,
947 678 988 725 Sc
1026 691 1262 728 concentu
1301 696 1478 726 conve-

203 747 419 794 nientem
450 749 531 796 fibi
561 750 929 798 consonantiam.
967 751 1046 797 Sin
1082 763 1241 799 autem
1276 753 1477 813 amplior

205 820 294 865 erit
322 823 599 885 magnitudo
630 824 819 879 theatri,
855 835 970 874 tunc
1000 826 1209 872 altitudo
1240 825 1477 871 dividatur

205 894 256 939 in
295 905 444 954 partes
479 907 705 956 quatuor,
742 897 812 941 uti
851 908 940 942 tres
976 899 1233 946 efficiantur.
1266 899 1483 962 regione&

205 967 428 1015 cellarum
460 969 708 1013 transverse
733 969 1019 1033 designatae,
1053 989 1145 1017 una
1178 970 1479 1028 harmoniae,

206 1039 347 1082 altera
394 1040 685 1096 chromatos,
741 1043 874 1087 tertia
908 1043 1120 1089 diatoni:
1171 1044 1212 1094 Sc
1251 1044 1310 1089 ab
1349 1046 1477 1100 imo,

207 1126 330 1170 quae
352 1113 436 1156 erit
466 1113 645 1172 prima,
676 1130 727 1159 ea
746 1131 804 1160 ex
832 1116 1074 1161 harmonia
1093 1118 1381 1172 collocetur,
1414 1117 1480 1163 ita.

208 1185 278 1228 uti
305 1185 353 1230 in
381 1186 564 1232 minore
592 1188 773 1233 theatro
797 1188 929 1248 supra
949 1189 1172 1249 scriptum
1203 1189 1276 1234 est.
1309 1191 1364 1234 ln
1387 1205 1480 1233 me-

209 1256 344 1302 diana
375 1268 532 1304 autem
557 1270 687 1320 parte
705 1295 718 1317 ,
751 1261 900 1320 prima
926 1261 975 1306 in
1013 1262 1230 1306 extremis
1256 1262 1480 1306 cornibus

206 1329 266 1374 ad
297 1331 615 1378 chromaticen
645 1335 1004 1395 hyperbolaeon
1028 1335 1248 1380 habentia
1268 1335 1479 1380 sonitum

205 1416 470 1464 ponantur:
493 1407 542 1450 iri
559 1407 771 1452 secundis
787 1408 848 1453 ab
867 1407 932 1452 his
951 1407 1249 1463 diatessaron,
1271 1407 1331 1452 ad
1349 1408 1477 1452 chro-

205 1477 410 1522 maticen
433 1478 835 1542 diezeugmenon:
860 1480 908 1525 in
929 1481 1075 1525 tertiis
1093 1479 1388 1534 diatessaron,
1412 1476 1476 1522 ad

204 1550 525 1597 chromaticen
568 1554 941 1613 synemmenon:
978 1554 1027 1598 in
1065 1553 1238 1612 quartis
1272 1550 1477 1598 diatessa-

203 1637 293 1666 ron
322 1622 381 1666 ad
420 1623 927 1686 cliromaticennieson:
981 1623 1154 1683 quintis
1199 1622 1477 1670 diatessaron

207 1695 267 1738 ad
305 1697 866 1759 chromaticenhypaton:
915 1698 1052 1742 sextis
1083 1697 1141 1741 ad
1178 1696 1478 1757 paramesen,

204 1769 340 1828 quod
372 1770 413 1815 Sc
443 1770 500 1815 ad
524 1772 840 1816 chromaticen
867 1771 1252 1832 hyperbolaeon,
1290 1770 1479 1830 diapen-.

206 1853 282 1897 te,
317 1842 359 1888 8:
390 1844 449 1888 acl
492 1844 1008 1899 chromaticenmeson,
1053 1842 1354 1897 diatessaron,
1393 1843 1476 1886 ha<

208 1915 355 1960 beant
392 1918 722 1963 consonantiae
755 1919 1162 1962 communitatem.
1218 1917 1272 1961 In
1313 1915 1479 1962 medio

209 1990 331 2034 nihil
378 1991 440 2035 est
482 1992 840 2047 collocandum,
895 1992 1006 2036 ideo
1061 1991 1195 2051 qnod
1232 1991 1478 2038 sonituum

210 2064 341 2108 nulla
386 2064 470 2108 alia
513 2065 707 2123 qualitas
746 2064 794 2109 in
830 2064 1114 2109 chromatico
1150 2079 1318 2125 genere
1349 2062 1474 2122 sym-

210 2133 414 2194 phoniae
453 2135 805 2179 consonantiam
842 2136 992 2196 potest
1036 2136 1218 2180 habere.
1256 2135 1309 2183 In
1353 2135 1475 2179 sum-

210 2223 289 2252 ma
319 2224 429 2252 vero
458 2208 682 2256 divisione
712 2209 752 2254 Sc
781 2209 972 2271 regione
1005 2209 1254 2262 cellarum,
1286 2208 1333 2253 in
1371 2222 1473 2251 cor-

211 2280 350 2326 nibus
385 2281 544 2341 primis
574 2282 634 2327 ad
659 2281 887 2326 diatonon
920 2282 1303 2343 hyperbolaeon,
1339 2279 1476 2324 fabri-⁸

209 2360 309 2396 cata
328 2353 426 2397 vasa
457 2354 612 2399 sonitu
641 2366 879 2415 ponantur
905 2374 913 2399 :
949 2355 997 2401 in
1030 2354 1239 2399 secundis
1279 2349 1470 2397 diatessa-

210 2439 300 2469 ron
330 2424 389 2469 ad
422 2425 1054 2488 diatonondiezeugmenon:
1093 2425 1233 2469 tertiis
1268 2420 1471 2471 diatessa-

210 2511 301 2544 ron
327 2497 389 2544 ad
423 2498 1027 2563 diatononsynemmenon:
1067 2497 1237 2561 quartis
1271 2495 1472 2545 diatessa-
