1600 2902
212 219 295 265 DE
323 213 812 263 ARCHITECTURA
847 213 958 261 LIB.
992 213 1097 261 VII.
1193 226 1288 276 209

35 326 171 372 flores
206 325 446 370 dimidiata
479 324 699 369 habentes
719 338 776 368 ex
805 322 849 368 se
883 323 1100 368 exeuntia
1118 322 1287 386 sigilla,

35 399 119 444 alia
155 397 386 451 humanis,
442 396 526 440 alia
568 395 815 440 bestiatum
853 394 1078 454 capitibus
1114 395 1288 440 similia.
1334 402 1338 415 '

37 472 163 516 Haec
201 483 358 514 autem
391 485 476 514 nec
511 468 642 524 sunt,
695 483 781 512 nec
817 467 912 511 fieri
947 467 1163 527 pulsum,
1202 482 1291 512 nec

37 541 238 586 fuerunt.
293 541 409 604 Ergo
448 542 509 585 ita
544 540 658 584 novi
701 555 850 583 mores
891 547 1171 601 coegerunt,
1221 540 1293 585 uti

37 614 200 658 inettia
227 615 335 658 mali
370 613 541 658 iudices
575 612 857 656 conniveant
889 613 1058 656 artium
1084 613 1292 656 virtutes.

38 685 466 753 Quemadmodum
487 684 610 729 enim
642 684 792 743 potest
813 686 1013 728 calamus
1043 700 1147 728 vere
1174 684 1295 728 susti-

35 773 148 803 nere
173 756 372 813 tefflum,
421 770 500 802 aut
529 756 861 802 candelabrum
891 757 1121 801 aediculas
1152 759 1192 802 &
1221 773 1296 800 01·-

39 843 258 876 nanienta
300 831 486 893 fastigii,
535 831 612 874 seu
655 831 879 874 coliculus
923 842 1016 874 tam
1060 833 1210 876 tenuis
1252 832 1295 877 86

39 905 193 948 mollis
222 904 439 947 sustinere
478 902 637 946 sedens
666 902 892 963 figsslum,
934 913 1014 946 aut
1043 901 1101 946 de
1131 902 1297 946 radici-

42 975 160 1030 buS‚
207 975 249 1021 8c
284 976 488 1020 coliculis
527 990 586 1018 ex
625 987 751 1033 parte
790 972 924 1018 flores
959 973 1295 1033 dimidiataque

40 1046 178 1108 sigilla
213 1047 474 1105 procreari?
522 1047 582 1090 At
622 1045 732 1090 haec
766 1045 869 1089 falsa
894 1045 1103 1090 videntes
1145 1048 1299 1090 homi·

41 1132 122 1162 nes
152 1133 248 1161 non
274 1117 647 1177 reprehendunt,
683 1117 762 1161 sed
790 1114 1106 1170 deleclantum
1138 1133 1299 1176 neque

43 1189 453 1246 animadvertunt,
492 1190 523 1233 fi
550 1190 669 1249 quid
699 1205 862 1233 eorum
893 1189 988 1233 fieri
1017 1188 1167 1247 potest
1190 1204 1302 1233 nec-

44 1279 119 1308 ne.
170 1264 354 1308 Iudiciis
389 1277 546 1309 autem
586 1264 780 1308 infirmis
820 1263 1084 1307 obscuratae
1122 1276 1304 1307 mentes

47 1351 146 1380 non
179 1338 334 1381 valent
366 1337 591 1395 probare,
641 1336 774 1396 quod
798 1336 946 1395 potest
973 1335 1057 1379 esse
1085 1352 1195 1380 cum
1220 1352 1305 1380 au-

47 1405 256 1450 &oritate
283 1406 323 1451 8c
357 1407 534 1450 ratione
563 1406 751 1451 decoris.
798 1407 963 1465 Neque
1000 1406 1125 1451 enim
1152 1406 1308 1466 piciu-

47 1493 123 1522 1ae
142 1477 327 1536 probari
359 1478 564 1533 debent,
597 1494 717 1537 quae
742 1493 842 1522 non
872 1478 980 1522 sunt
1008 1479 1173 1524 similes
1191 1480 1310 1523 veri-

47 1550 148 1596 tati:
201 1566 286 1595 nec
323 1551 353 1594 fi
387 1548 527 1595 fatiae
553 1551 660 1596 sunt
695 1553 921 1613 elegantes
951 1552 1009 1596 ab
1041 1564 1159 1608 arte,
1199 1552 1309 1597 ideo

51 1619 112 1665 de
143 1621 208 1664 his
260 1621 407 1665 statim
437 1621 611 1666 debent
642 1634 836 1682 repente
869 1622 1087 1679 iudicari,
1125 1625 1206 1669 nisl
1239 1641 1311 1670 ar-

53 1692 416 1752 gumentationis
450 1704 591 1736 certas
616 1693 862 1739 habuerint
892 1696 1091 1740 rationes
1122 1697 1213 1740 sine
1239 1696 1312 1741 of·-

53 1763 334 1808 fenslonibus
374 1765 632 1824 explicatas.
684 1766 869 1812 Etenim
902 1770 1039 1813 etiam
1076 1769 1315 1814 Trallibus

55 1849 165 1878 cum
198 1832 447 1893 Apaturius
480 1837 778 1882 Alabandeus
814 1840 1012 1901 eleganti
1048 1857 1191 1884 manu
1227 1842 1314 1885 fin*

54 1904 184 1950 xiffet
225 1905 405 1949 {cenam
441 1907 489 1949 in
527 1910 788 1954 minusculo
836 1911 1042 1966 theatro,
1085 1912 1216 1969 quod
1249 1914 1315 1953 ἐκ·-

56 1982 342 2035 κλησιαστήμον
375 1981 501 2039 apud
533 1997 608 2025 eos
640 1983 897 2038 vocitatur,
934 1983 983 2027 in
1011 2000 1158 2042 eaque
1191 1984 1317 2027 fecis-

59 2050 126 2091 l'et
157 2065 243 2107 pro
277 2054 505 2096 columnis
541 2054 691 2115 ligna,
718 2056 1072 2114 Centaurosque
1092 2056 1317 2100 iustinen-

61 2131 128 2162 tes
164 2121 391 2181 epistylia,
432 2126 671 2171 tholorum
702 2128 904 2171 rotunda
935 2125 1049 2171 tecla
1070 2161 1082 2182 ‚
1120 2127 1317 2189 fastigio-

60 2209 164 2238 rum
196 2196 514 2253 prominentes
555 2200 781 2254 veriiuas,
831 2216 1120 2258 coronasque
1157 2200 1320 2258 capiti-

63 2267 151 2312 bus
188 2269 382 2313 leoninis
407 2284 609 2327 ornatas,
645 2290 765 2331 quae
799 2274 954 2318 omnia
980 2273 1320 2317 stillicidiorum

65 2357 91 2385 e
123 2338 251 2384 tediis
279 2341 452 2387 habent
485 2345 742 2394 rationem;
781 2358 1010 2405 praeterea
1047 2347 1179 2404 supra
1216 2363 1320 2392 eam.

64 2417 369 2461 nihilominus
420 2420 699 2479 episcenium
718 2455 730 2476 ‚
767 2422 812 2464 in
838 2437 936 2480 quo
961 2421 1097 2473 tholi,
1128 2423 1323 2479 pronai,

64 2487 369 2599 semilgastigia,
411 2493 657 2554 omnisque
689 2489 798 2538 testi
822 2494 969 2541 varius
996 2489 1185 2552 pit-luris
1219 2492 1328 2538 fu&

203 2555 394 2601 itruvius.
1017 2556 1066 2602 0
