1600 2902
225 191 321 239 ‘³92
480 173 543 218 M.
578 172 867 218 VITRUVII
901 174 1239 222 POLLIONIS

230 283 331 337 lus,
376 281 457 340 qui
490 279 734 339 adoptavit
761 294 1029 341 cognomen
1073 292 1126 327 ut
1173 283 1486 329 Homeroma-

228 356 314 399 stix
348 353 646 407 vocitaretur,
668 352 995 396 Alexandriam
1026 354 1179 409 venit,
1201 357 1373 414 suaque
1392 356 1487 400 scri-

227 437 310 486 pta
335 436 496 469 contra
526 423 720 467 Iliadem
753 422 793 467 Sc
822 423 1071 483 Odyffeam
1101 437 1359 485 comparata
1392 427 1497 487 regi.

229 497 451 542 recitavit.
500 497 794 540 Ptolemaeus
824 512 934 540 vero
964 511 1074 539 cum
1101 496 1487 544 animadvertisset

229 577 476 631 poetarum
517 580 759 628 parentem
795 567 1176 630 ‘philologiaeque
1210 570 1361 614 omnis
1398 572 1486 615 dn-

231 657 337 686 cem
366 640 607 684 absentem
636 638 815 694 vexari,
845 639 885 685 Sc
915 639 1044 684 cuius
1078 640 1136 684 ab
1171 639 1345 687 cuntstis
1375 659 1488 705 gen-

229 714 359 758 tibus
397 711 560 771 scripta
598 711 961 771 suspicerentur,
1000 711 1057 755 ab
1099 726 1155 755 eo
1200 713 1448 773 vituperari
1473 742 1487 770 -‚

230 786 497 847 indignatus
532 785 717 828 nullum
754 783 794 827 ei
826 782 957 826 dedit
993 782 1276 842 responsum.
1326 786 1487 830 Zoilus

228 869 391 903 autem
418 872 525 900 cum
550 855 724 900 diutius
754 854 801 899 in
830 871 974 917 regno
1008 855 1157 900 fuisset
1187 856 1344 916 inopia
1367 858 1490 917 pres—

231 931 329 986 sus,
356 928 581 975 summifit
611 927 669 972 ad
699 943 854 990 regem
886 927 1119 987 postulans
1147 941 1196 972 ut
1227 930 1408 988 aliquid
1435 930 1490 973 si-

229 1003 282 1050 bi
324 1001 619 1048 tribueretur,
673 1000 776 1044 Rex
817 1016 925 1044 vero
970 1000 1249 1060 respondisse
1286 1002 1486 1046 dicitnr:

231 1075 520 1129 Homerum,
554 1074 636 1133 qui
665 1084 772 1118 ante
803 1090 949 1118 annos
974 1073 1102 1118 mille
1131 1073 1400 1131 deceffiffet‚
1426 1092 1489 1120 ae-

229 1163 294 1191 vo
328 1155 561 1207 perpetuo
599 1146 746 1189 multa
787 1145 930 1189 millia
975 1145 1228 1190 hominum
1276 1147 1485 1207 pascere3

231 1220 349 1263 item
367 1217 556 1274 debere,
580 1217 662 1276 qui
686 1217 868 1262 meliori
887 1217 1074 1279 ingenio
1100 1218 1144 1262 se
1175 1220 1487 1278 profiteretur,

229 1307 333 1337 :non
373 1290 519 1336 modo
566 1291 609 1335 se
652 1306 831 1345 unum,
878 1289 955 1334 sed
1001 1290 1138 1334 etiam
1184 1292 1338 1350 plures
1370 1293 1489 1335 alere

230 1362 371 1424 posse.
424 1362 479 1407 Et
520 1362 579 1407 ad
608 1361 836 1408 summam
863 1377 986 1406 mors
1024 1363 1142 1418 eius,
1183 1375 1234 1408 ut
1260 1364 1488 1424 parricidii

231 1437 467 1490 damnati,
493 1436 613 1481 varie
638 1446 936 1481 memoratur.
971 1431 1061 1480 Alii
1086 1452 1194 1481 eum
1216 1436 1490 1496 scripserunt

229 1525 257 1552 a
290 1507 598 1566 Philadelpho
636 1507 722 1551 esse
753 1508 799 1551 in
829 1522 1015 1551 crucem
1049 1506 1224 1550 fixum:
1266 1507 1489 1551 nonnulli

235 1579 341 1623 Chii
379 1579 427 1623 in
470 1595 578 1623 eum
612 1578 784 1638 lapides
814 1577 897 1622 esse
929 1575 1188 1622 coniecstos:
1223 1578 1296 1622 alii
1329 1578 1489 1639 Smyr-

230 1668 320 1697 nae
338 1652 500 1696 vivum
522 1650 570 1695 in
588 1666 750 1711 pyram
771 1645 1050 1694 coniedhim.
1079 1649 1301 1715 Quorum
1328 1662 1489 1695 utrum

235 1724 277 1768 ei
303 1721 545 1778 acci-derit,
574 1724 771 1767 merenti
798 1723 936 1784 digna
962 1722 1162 1766 constitit
1182 1737 1333 1781 poena
1356 1741 1364 1765 :
1391 1738 1490 1767 non

234 1798 361 1841 enim
408 1797 537 1841 aliter
574 1795 758 1840 videtur
788 1796 1066 1856 promereri,
1106 1795 1189 1854 qui
1235 1795 1346 1839 citat
1378 1812 1489 1851 θος,

234 1885 444 1929 quorum
471 1868 768 1927 responsum,
804 1869 922 1927 quid
952 1868 1173 1913 senserint
1207 1867 1453 1912 scribentes
1475 1900 1489 1922 ‚

234 1958 336 1987 non
364 1941 513 2001 potest
544 1957 697 1985 coram
735 1941 939 1985 indicari.
989 1941 1085 2002 Ego
1118 1956 1255 1995 vero,
1297 1939 1488 1994 Caesar,

234 2028 392 2073 neque
415 2012 573 2057 alienis
606 2012 836 2057 indicibus
865 2012 1081 2067 mutatis,
1113 2011 1385 2071 interpofito
1409 2026 1493 2055 no·

234 2086 364 2130 mine
394 2101 501 2130 meo
529 2085 579 2129 id
614 2084 800 2144 profero
833 2099 1027 2144 corpus,
1059 2098 1216 2143 neque
1251 2083 1389 2128 ullius
1415 2097 1491 2126 co-

234 2156 373 2218 gitata
401 2156 694 2216 vituperans,
731 2154 901 2199 institui
944 2171 1001 2199 ex
1031 2171 1086 2199 eo
1115 2171 1191 2199 me
1222 2155 1492 2214 approbare.

234 2228 329 2274 Sed
361 2229 582 2274 omnibus
616 2228 912 2288 scriptoribus
950 2229 1149 2272 infinitas
1179 2243 1266 2290 ago
1296 2227 1455 2290 gratias
1475 2260 1488 2282 ,
1539 2217 1549 2221 „

236 2302 372 2362 quod
401 2303 585 2365 egregiis
616 2302 911 2364 ingeniorum
944 2302 1133 2346 solertiis
1162 2318 1219 2346 ex
1252 2316 1365 2345 aevo
1393 2301 1491 2344 col-

235 2374 335 2418 latis
377 2375 668 2419 abundantes
712 2372 805 2416 aliis
843 2373 934 2417 alio
982 2389 1147 2435 genere
1183 2373 1333 2432 copias
1361 2387 1491 2430 prae-

235 2457 515 2505 paraverunt
539 2480 553 2506 ,
603 2445 729 2492 unde
765 2461 848 2490 nos
884 2445 951 2491 uti
989 2445 1197 2491 fontibus
1231 2443 1492 2489 haurientes
