1600 2902
283 191 369 238 DE
404 191 471 236 M.
506 188 829 238 VITRUVIO
863 187 1207 235 POLLIONE.
1285 201 1366 235 XV

91 301 132 341 se
157 299 370 339 Vitruvius
398 299 552 347 innuit,
588 309 633 336 ut
662 296 769 336 VIII.
802 297 838 336 6.
869 309 961 337 cum
999 309 1140 348 magna
1172 294 1364 334 tenorum

92 353 240 394 iaetura
257 354 543 393 interciderunt
557 382 568 401 ‚
595 351 665 391 etsi
684 352 732 390 ab
750 351 969 393 editoribus
986 351 1025 390 &
1042 351 1251 389 Philandro
1271 363 1365 402 para

93 419 174 448 tem
196 421 244 446 ex
265 408 425 459 ingenio
447 418 655 457 utcunque
682 406 875 445 restituta.
911 405 1242 444 Distributionem
1261 415 1365 442 vero

93 463 267 514 capitum
297 463 337 500 in
367 462 544 500 editione
564 461 821 507 Florentina‚
851 472 967 511 quam
994 460 1093 497 aliae
1119 458 1364 511 sequuntur,

94 516 228 556 multis
249 517 289 555 in
313 516 410 555 locis
432 514 705 567 ineptissimam
732 513 828 560 effe,
852 515 893 552 &
914 513 1146 552 Vitruvium
1170 523 1364 564 perpetua

93 572 280 610 oratione
296 570 419 609 libros
436 569 527 608 suos
545 566 749 621 scripsisse,
776 567 902 620 probe
921 568 1075 606 notavit
1095 567 1195 605 idem
1213 566 1367 605 Philan-

93 624 175 663 der.
218 624 248 663 E
274 625 423 663 Latinis
448 623 658 662 veteribus
681 633 774 660 ante
799 621 1032 660 Vitruvium
1061 621 1110 659 de
1136 621 1276 659 eodem
1305 634 1368 660 ar-

93 690 287 730 gumento
313 677 547 730 scripserant
569 675 774 723 Fuffitius‚
802 674 1017 714 Terentius
1038 675 1197 721 Varro,
1222 675 1263 714 &
1287 675 1367 715 Pu-

92 732 196 772 blius
213 732 439 785 Septimius.
471 731 517 770 In
537 730 683 769 Labbei
703 728 889 768 Biblioth.
908 741 1018 768 nova
1040 729 1139 768 Mss.
1164 742 1252 782 pag.
1278 729 1366 781 384.

92 797 368 826 memorantur
391 799 413 824 e
435 786 617 837 catalogo
640 783 808 822 auffiori
834 783 1029 835 Scipionis
1055 783 1180 822 Tettii
1215 784 1367 821 Viti-uvit'

93 841 184 891 Rufi
208 841 243 878 61
267 840 508 892 Epaphroditi
525 838 812 877 Architec‘lorzica.
852 837 946 877 Non
969 837 1168 889 integrum
1191 850 1265 877 nos
1286 838 1364 876 Vi-

94 894 271 932 truvium
285 923 296 940 ,
314 893 376 932 sed
391 892 669 932 tantummodo
683 892 877 931 librorum
895 891 980 931 eius
992 891 1193 944 epitomen
1217 892 1365 931 habere

95 948 262 1000 putabat
282 948 468 986 Barthius
486 946 614 985 XXX.
632 959 669 996 7.
690 946 901 985 Adversar.
920 946 985 985 sed
1003 945 1137 984 nescio
1154 946 1364 997 quomodo

94 1001 159 1039 vir
177 1001 242 1039 ille
261 1000 399 1040 doctus
417 1013 568 1054 pronus
587 999 664 1040 fuit
680 1000 727 1039 ad
749 1001 942 1052 epitomas
962 1000 1002 1038 in
1020 1011 1206 1040 veterum
1225 1014 1368 1039 monu-

93 1055 240 1094 mentis
263 1055 344 1093 sine
370 1068 508 1108 magna
530 1054 644 1094 causa
669 1053 980 1094 subodorandas.
1010 1054 1056 1092 In
1079 1053 1204 1106 praef.
1228 1054 1315 1093 libri
1336 1053 1367 1093 Ῑ.

94 1108 150 1147 ait
168 1109 205 1147 se
222 1107 436 1148 Vitruvius
454 1108 513 1149 M.
533 1109 699 1148 Aurelio
718 1109 757 1148 &
777 1109 815 1148 P.
835 1108 1006 1148 Minidio
1022 1110 1124 1162 (Ms.
1146 1109 1366 1162 Numidio)

94 1164 136 1202 δι
158 1162 232 1203 Cn.
251 1163 444 1203 Cornelio
469 1164 517 1202 ad
541 1163 839 1216 apparationem
863 1162 1095 1203 ballistarum
1119 1164 1159 1203 &
1181 1163 1364 1216 scorpio-

93 1228 215 1264 num,
239 1216 568 1269 reliquorumque
591 1226 884 1256 tormentorum
909 1217 1189 1270 perfectionem
1211 1217 1366 1270 praesto

93 1268 216 1309 fuiffe„
257 1270 513 1310 Aedilitatem
539 1270 735 1310 Varronis
756 1270 795 1309 &
821 1271 1018 1311 Murenae
1038 1283 1234 1311 memorat
1257 1272 1305 1311 ΙΙ.
1328 1272 1367 1312 8.

94 1321 258 1375 Divum
270 1324 480 1363 Caesarem
503 1324 553 1363 ῙῙ.
574 1331 610 1377 9
644 1327 683 1364 C.
704 1324 816 1363 Iullus
837 1326 1041 1377 ALfianffJze
1054 1327 1157 1375 filius
1180 1339 1253 1364 cum
1265 1338 1366 1376 patre

97 1378 238 1429 Caefizre
257 1379 445 1425 militavit,
474 1381 505 1417 is
530 1380 678 1432 hospitio
700 1394 771 1417 meo
791 1382 833 1430 esI
848 1381 942 1430 usus.
964 1379 1081 1419 VIII.
1104 1395 1140 1427 4.
1166 1378 1268 1418 Cum
1290 1380 1365 1419 ob-

94 1430 306 1477 servasset,
332 1433 463 1484 plures
488 1432 536 1472 de
558 1432 819 1471 archite&ura
845 1445 1056 1486 praecepta
1076 1434 1365 1486 voluminaque

93 1496 176 1523 non
197 1485 374 1524 ordinata
393 1485 457 1524 sed
474 1482 632 1538 incepta
646 1517 657 1534 ‚
680 1487 735 1525 uti
756 1487 967 1539 particulas
985 1488 1228 1527 errabundas
1241 1518 1251 1534 ‚
1270 1488 1364 1526 reli-

94 1537 237 1590 quisse,
258 1539 423 1591 praefat.
444 1556 481 1588 4.
503 1541 631 1591 Corpus
651 1541 898 1579 Architefflurae
920 1542 1089 1580 scribere
1113 1540 1150 1580 se
1170 1540 1364 1594 professus

93 1591 181 1631 Lib.
212 1592 263 1631 II.
290 1606 377 1646 cap.
413 1607 445 1632 1.
474 1595 601 1647 primo
629 1594 836 1634 volumine
863 1598 912 1633 de
938 1596 1032 1635 artis
1059 1596 1191 1637 officio
1218 1596 1365 1645 tradit,

93 1657 215 1698 atque
237 1649 416 1687 omnium
446 1661 572 1701 paene
602 1648 853 1688 scientiarum
882 1651 1051 1702 peritum
1077 1652 1164 1690 vult
1193 1649 1269 1689 effe
1297 1663 1366 1689 ar—

93 1699 327 1750 chitectum,
359 1702 521 1753 perinde
549 1714 595 1742 ut
624 1715 799 1755 coquum
829 1703 947 1743 Sicon
977 1705 1082 1756 apud
1111 1704 1365 1744 Athenaeum

93 1753 167 1794 IX.
195 1768 280 1808 pag.
312 1755 397 1806 378.
427 1755 496 1808 381
527 1755 606 1809 seq.
637 1771 715 1804 404
740 1756 818 1811 seq.
844 1756 1014 1797 secundo
1043 1758 1091 1798 de
1121 1759 1367 1798 naturalibus

93 1810 283 1848 materiae
316 1811 459 1857 rebus,
490 1823 607 1863 quem
637 1811 805 1850 habeant·
833 1812 969 1851 usum:
1001 1814 1122 1852 tertio
1149 1814 1189 1852 δε
1216 1826 1365 1864 quarto

95 1862 146 1901 de
165 1863 327 1903 aedibus
349 1864 490 1910 sacris,
515 1867 556 1906 &
579 1866 629 1905 de
655 1865 816 1906 Doricis
842 1867 1039 1906 columnis
1062 1867 1365 1919 Corinthiisque

97 1916 139 1955 ἃ
156 1916 351 1957 Tuscanis
371 1930 492 1970 atque
514 1918 662 1959 Ioniis:
689 1921 831 1971 quinto
852 1921 900 1961 de
919 1921 1017 1960 locis
1037 1921 1199 1973 publicis
1213 1952 1223 1969 ‚
1246 1921 1363 1970 foro,

96 1972 251 2010 aerario
266 2003 277 2019 ‚
308 1985 467 2012 carcere
486 2002 498 2021 ,
529 1975 637 2013 curia
651 2004 663 2021 ‚
696 1974 851 2014 theatro
868 2006 879 2022 ‚
911 1975 1132 2027 porticibus
1148 2006 1158 2023 ‚
1185 1975 1334 2014 balneis
1349 2007 1361 2024 ‚

98 2024 315 2074 palaestris,
340 2027 486 2077 xystis,
514 2029 732 2081 portubus:
768 2029 878 2069 sexto
903 2031 951 2068 de
976 2030 1143 2082 privatis
1169 2030 1363 2070 aedificiis

99 2077 258 2122 urbanis
285 2080 547 2134 rusticisque,
575 2095 623 2121 ex
655 2095 767 2121 more
793 2084 834 2122 &
864 2084 933 2122 usu
967 2095 1052 2122 tum
1086 2083 1361 2123 Romanorum

98 2140 182 2169 tum
210 2131 481 2174 Graecorum:
508 2135 674 2189 septimo
706 2137 755 2175 de
783 2138 1088 2190 expolitionibus
1117 2138 1165 2176 ad
1196 2138 1364 2176 firmita-

98 2193 178 2222 tem
201 2186 242 2223 ὅ(
266 2198 473 2236 ornatum,
502 2191 569 2229 ubi
595 2190 716 2229 multa
741 2192 858 2230 etiam
884 2192 933 2230 de
955 2192 1186 2231 coloribus:
1214 2191 1363 2232 octavo

98 2237 149 2298 de
181 2239 292 2290 aquis
319 2241 358 2280 δι
384 2242 714 2294 aquaeductibus:
750 2258 860 2283 nono
885 2246 934 2285 de
960 2247 1211 2297 gnomonicis
1237 2247 1362 2285 ratio-

96 2292 214 2352 nibus
229 2323 240 2340 ‚
267 2302 278 2323 ¹
297 2295 418 2352 ⁴cuius
435 2297 520 2337 libri
537 2298 732 2351 praefatio
750 2300 787 2337 in
805 2299 920 2338 editis
940 2299 1043 2338 iusto
1066 2300 1180 2339 citius
1198 2300 1361 2339 abrum-

96 2357 235 2406 pitur,
271 2360 356 2386 eius
390 2350 490 2388 enim
524 2365 612 2403 pars
649 2352 738 2392 sunt
775 2354 904 2392 adhuc
939 2355 1093 2405 integra
1123 2355 1199 2393 tria
1230 2355 1361 2408 capita

95 2412 253 2452 priora:
285 2402 442 2442 decimo
468 2404 636 2457 denique
661 2407 710 2445 de
738 2407 1115 2447 machinationibus.

135 2507 151 2531 1
179 2496 303 2531 Confer
316 2496 465 2534 Voffium
485 2498 524 2532 de
540 2498 686 2534 scientiis
707 2501 815 2537 Math.
831 2513 863 2536 c.
882 2513 936 2545 47.
958 2502 993 2547 5.
1010 2513 1039 2535 ι.
1062 2514 1095 2547 p.
1112 2513 1188 2547 27⁷9·
