1600 2902
148 195 211 241 M.
244 191 531 241 VITRUVII
564 190 646 236 DE
673 187 921 238 ARCHIT.
951 191 1000 236 L.
1026 190 1150 238 VIII.
1210 208 1298 255 223

54 315 254 359 aquarn,
291 309 485 352 terram,
525 313 787 357 eorumque
828 297 948 342 inter
979 297 1021 342 se
1054 298 1305 342 cohaeren-

53 372 165 417 tiam
194 371 387 415 naturali
427 371 699 433 figuratione
736 386 792 414 ex
824 386 1047 432 generum
1080 370 1305 415 discrimi-

51 443 187 488 nibus
217 443 391 486 efficere
425 442 678 500 qualitates.
730 440 1155 485 Animadvertimus
1191 456 1301 485 vero

51 530 148 558 non
186 514 336 558 solum
370 514 594 559 nascentia
629 530 686 557 ex
716 513 782 556 his
811 511 894 556 effe
922 524 1188 571 procreata,
1222 513 1302 557 sed.

51 587 189 631 etiarn
219 603 285 630 res
319 603 479 631 omnes
515 601 612 629 non
644 586 701 628 ali
732 586 823 628 sine
855 601 1016 628 eorum
1051 585 1304 643 potestate,

49 671 204 716 neque
236 658 456 712 crescere,
492 672 576 701 nec
609 656 740 700 tueri.
787 656 1004 714 Namque
1034 671 1226 715 corpora
1249 657 1305 700 sl-

49 744 111 774 ne
151 730 309 789 spiritu
344 728 629 774 redundanti
665 744 762 773 non
801 728 989 787 possunt
1025 728 1193 773 habere
1233 730 1304 773 vi-

50 811 174 855 tam,
213 803 292 845 nili
335 811 406 845 aer
444 801 643 845 influens
679 816 786 845 cum
820 801 1109 844 incremento
1145 801 1305 846 fecerit

49 871 209 919 aufflus
240 876 279 920 8c
311 874 586 918 remiffiones
624 873 929 918 continenter.
983 871 1154 915 Caloris
1193 890 1304 917 vero

50 945 81 989 sl
111 961 208 989 non
240 946 376 989 fuerit
404 945 449 988 in
480 961 674 1003 corpore
706 944 816 987 iusta
845 946 1128 1002 comparatio
1148 977 1160 998 ‚
1203 961 1304 990 non

51 1017 135 1061 erit
166 1017 345 1075 spiritus
377 1016 610 1070 animalis,
652 1032 808 1074 neque
839 1012 1004 1060 erefflio
1042 1016 1199 1070 firma,
1236 1016 1304 1061 ci-

49 1088 198 1147 bique
238 1088 349 1131 vires
386 1104 483 1132 non
518 1100 741 1147 poterunt
784 1088 950 1132 habere
988 1085 1304 1133 concoffilionis

52 1170 425 1218 temperaturam.
471 1159 588 1203 Item
620 1160 649 1203 sl
679 1175 774 1204 non
807 1160 997 1206 terrestri
1021 1160 1127 1204 cibo
1156 1177 1307 1205 mem-

52 1230 132 1274 bra
167 1232 367 1289 corporis
398 1233 602 1286 alantur,
643 1231 918 1276 deficientur
944 1265 956 1285 ‚
999 1231 1039 1275 &3
1071 1233 1129 1275 ita
1161 1249 1183 1276 a
1212 1243 1306 1277 ter-

50 1303 149 1348 reni
186 1303 399 1362 principii
437 1303 666 1346 mixtione
708 1314 842 1346 erunt
879 1301 1065 1346 deferta.
1110 1301 1304 1349 Anima-

50 1376 109 1419 lia
142 1392 279 1431 vero,
315 1377 344 1420 s1
380 1376 549 1420 fuerint
586 1377 676 1420 sine
711 1375 918 1420 humoris
956 1374 1181 1434 potestate
1222 1392 1304 1421 ex·-

49 1447 313 1510 sanguinata
350 1452 389 1494 8c
438 1445 618 1493 exluffla
654 1466 677 1492 a
714 1448 1048 1508 principiorum
1086 1448 1303 1507 liquore,

50 1516 384 1563 interarescent.
428 1520 572 1582 Igitur
599 1519 754 1563 divina
783 1535 939 1573 mens,
963 1534 1082 1577 quae
1113 1521 1304 1578 proprie

48 1591 283 1636 necessaria
319 1592 458 1637 essent
491 1593 705 1653 gentibus
729 1627 740 1648 ‚
778 1609 875 1637 non
912 1592 1149 1638 constituit
1185 1594 1304 1639 diffi-

48 1664 150 1709 cilia
177 1666 217 1710 Sc
247 1682 373 1721 cara,
419 1666 488 1710 uti
522 1666 627 1711 sunt
666 1667 959 1729 margaritae,
994 1683 1193 1723 aurum,
1238 1684 1304 1712 ar-

47 1749 269 1799 gentum,
313 1751 583 1797 ceteraque,
629 1756 746 1797 quae
781 1756 868 1784 nec
902 1756 1068 1800 corpus
1104 1757 1188 1785 nec
1225 1757 1302 1787 na-

48 1820 150 1854 tura
183 1811 432 1855 desiderat:
472 1811 549 1855 sed
587 1811 678 1855 fine
709 1812 881 1871 quibus
916 1814 1179 1857 mortalium
1209 1815 1301 1859 vita

46 1899 145 1928 non
176 1886 324 1944 potest
355 1884 438 1929 effe
466 1896 565 1929 tuta
585 1918 597 1940 ,
631 1885 794 1930 effudit
825 1888 883 1931 ad
916 1904 1110 1932 manum
1147 1899 1301 1947 parata

49 1973 131 2017 per
167 1976 355 2004 omnem
402 1959 651 2004 mundum.
702 1961 868 2020 Itaque
907 1978 963 2006 ex
1003 1962 1067 2005 his
1110 1963 1138 2006 sl
1181 1961 1301 2021 qnid

48 2027 169 2073 forte
197 2030 307 2074 desit
337 2031 381 2075 in
413 2047 605 2090 corpore
636 2031 842 2090 spiritus,
878 2032 934 2076 ad
959 2033 1300 2078 restituendum

49 2107 122 2144 aer
155 2102 389 2163 allignatus
426 2103 476 2146 id
509 2103 710 2161 praestat.
763 2103 1021 2164 Apparatus
1052 2119 1208 2149 autern
1242 2104 1300 2150 ad

48 2176 215 2219 auxilia
247 2178 429 2233 caloris,
459 2178 558 2222 solis
589 2178 818 2238 impetus,
853 2180 891 2223 Sc
925 2180 1036 2241 ignis
1067 2181 1300 2236 inventus,

46 2248 281 2291 tutiorem'
313 2250 446 2293 efficit
494 2251 667 2295 vitam:
713 2251 825 2295 item
872 2263 1077 2295 terrenus
1127 2249 1299 2297 srnCtus

48 2320 250 2365 escarum
284 2322 505 2381 praestans
536 2323 717 2383 copias⁷
750 2325 1037 2383 supervacuis
1073 2325 1300 2370 desidera-

44 2391 253 2437 tionibus
283 2393 361 2436 alit
389 2393 428 2437 8c
460 2395 610 2438 nutrit
642 2396 852 2440 animalia
882 2394 1110 2455 pascendo
1151 2398 1300 2442 conti-

41 2477 220 2512 nenter.
280 2466 413 2526 Aqua
445 2484 552 2512 vero
583 2484 678 2513 non
710 2470 858 2514 lulum
888 2480 1056 2530 potus,
1088 2469 1166 2517 sed
1197 2472 1300 2517 infi-
