1600 2902
244 224 379 259 XXVI

253 1462 357 1505 1557

267 2311 369 2363 1567

481 208 821 256 NOTITIA
865 209 1273 258 LITERARIA

406 328 485 370 que
508 317 576 364 iis,
607 328 709 368 quae
728 327 835 354 anno
859 327 972 364 1544.
993 314 1144 357 Romae
1171 319 1420 370 prodierant,
1441 333 1512 359 ea„

404 384 494 411 rum
525 370 655 424 plures
686 369 794 409 veris
824 368 1072 410 restituendis
1095 371 1327 412 leffionibus
1358 373 1512 412 dicatae

406 423 519 470 sunt3
550 423 649 462 aliae
675 435 775 464 vero
799 422 980 465 obscuris
1005 423 1103 463 locis
1133 425 1362 469 illustrandis
1390 425 1513 466 inser-

405 479 549 524 viunt3
574 477 673 516 aliae
695 476 816 515 variis
832 476 1009 516 Vitruvii
1031 477 1214 518 doetrinis
1233 480 1515 529 enucleandis;

406 532 504 571 aliae
527 528 775 571 conferendis
797 541 981 572 veterum
1006 530 1209 571 austorurn
1234 533 1332 573 locis
1350 547 1441 573 cum
1457 534 1515 573 lo-

405 587 463 626 cis
498 585 676 625 Vitruvii
711 583 916 624 fimilibus:
953 596 1001 623 ex
1030 585 1213 625 omnibus
1252 600 1351 627 vero
1378 589 1514 626 erudi-0

406 640 569 679 tillimus
608 639 907 695 utilissimusque
931 639 971 677 in
997 639 1175 679 Vitruvii
1202 641 1320 681 libros
1350 641 1514 680 confici·

405 707 473 733 tur
501 693 834 733 Commentarius.
864 692 938 730 Sed
962 694 1108 733 iterum
1129 693 1356 742 dolendum,
1382 696 1514 735 virum

406 746 703 788 eruditiffimum
728 748 766 785 in
780 747 946 786 citandis
960 746 1186 788 auctoribus
1208 748 1311 787 haud
1328 762 1418 787 raro
1434 762 1515 789 non

406 804 446 842 se
467 800 611 854 geffiffe
636 815 713 840 tam
735 800 962 854 perspicue,
990 813 1035 840 ut
1055 800 1172 842 facile
1198 800 1397 854 potuisset.
1432 803 1518 842 Ali-

407 856 570 908 quando
594 856 695 895 enim
720 853 894 894 auetoris
918 854 1083 894 alicuius
1104 855 1255 895 nudum
1276 857 1428 909 profert
1446 869 1519 895 no·

405 922 497 950 men
514 941 525 956 ‚
547 922 637 949 cum
658 909 787 962 plures
814 919 947 948 tamen
970 908 1024 948 illi
1050 910 1310 962 cognomines
1336 908 1518 950 aii&ores

406 964 472 1003 alii
498 964 595 1010 sint,
621 975 744 1014 quare
764 961 852 1001 satis
873 974 953 1001 non
973 975 1023 1014 ap
1054 974 1139 1002 aret
1164 967 1344 1016 quisnam
1365 963 1411 1002 fit
1429 963 1514 1011 ille,

407 1018 476 1070 qui
505 1017 672 1058 citatur:
708 1017 920 1068 aliquando
953 976 1157 1056 angorum
1190 1015 1328 1070 Opera
1359 1017 1520 1056 minime

408 1071 578 1110 indicat:
608 1071 819 1124 aliquando
836 1099 847 1117 ‚
873 1071 999 1112 citato
1018 1069 1204 1119 auciore,
1230 1070 1402 1110 au&oris
1425 1083 1520 1109 ver-

409 1126 487 1172 ba,
528 1126 669 1175 quibus
697 1137 760 1163 res
799 1122 1001 1177 proposita
1034 1123 1315 1171 illustraretur,
1356 1125 1521 1163 omnino

439 1179 701 1219 raetermittit.
727 1178 893 1230 Figurae
911 1177 1049 1230 ligneis
1080 1179 1210 1216 editae
1242 1178 1329 1217 sunt
1358 1178 1521 1225 formis,

407 1193 499 1273 {atis
519 1232 772 1285 diligentibus
786 1262 797 1279 ,
813 1242 943 1284 neque
960 1230 1257 1283 inelegantibus.
1272 1231 1370 1271 Illud
1389 1242 1522 1270 tamen

410 1287 545 1326 mirari
563 1286 665 1325 subit
682 1316 693 1333 ‚
715 1286 861 1338 figuras
875 1284 1017 1323 alicubi
1038 1283 1165 1325 deeffe
1180 1315 1192 1334 ,
1218 1285 1284 1324 ubi
1304 1298 1326 1323 a
1345 1285 1523 1324 vitruvii

408 1352 521 1380 textu
549 1341 718 1380 maxime
739 1339 887 1391 requiri
915 1339 1162 1378 viderentur.
1189 1338 1256 1380 Cf.
1284 1339 1472 1379 Polenum
1496 1337 1523 1378 1.

414 1408 448 1434 c.
474 1407 560 1448 pag.
586 1395 635 1455 46
653 1393 732 1455 sqq.
758 1394 798 1433 &
822 1405 909 1446 pag.
930 1406 985 1453 70
1006 1391 1086 1444 sqq.
1442 1447 1448 1455 .
1516 1446 1525 1454 .

413 1450 456 1488 In
479 1451 534 1486 M.
563 1450 751 1486 Vitruvium
769 1450 806 1485 de
827 1448 1060 1485 Architeflura
1080 1447 1340 1486 Annotationes
1360 1447 1524 1485 Gulielmz

409 1502 607 1541 Philandn'.
642 1500 905 1552 Compluribus,
941 1500 1046 1552 iisque
1074 1500 1176 1539 novis
1194 1530 1208 1546 ,
1249 1501 1285 1538 ἃ
1316 1515 1384 1539 non
1412 1502 1529 1538 minus

414 1556 558 1595 utilibus
571 1585 585 1602 ,
614 1568 713 1607 quam
736 1552 926 1605 neceffariis
945 1554 1072 1608 figuris
1089 1565 1286 1592 exornatae.
1320 1555 1400 1592 Cum
1423 1555 1525 1592 Indi-

415 1611 513 1649 cibus
543 1610 677 1648 Graeco
704 1607 738 1646 6²
757 1607 886 1646 Lacino
907 1607 1185 1659 locupletiffimis.
1215 1608 1386 1653 Veneriis,
1408 1622 1450 1644 ex
1472 1606 1527 1657 of·

401 1664 520 1715 ficina
546 1662 682 1701 Stellae.
716 1673 827 1712 ¹557·
847 1659 882 1698 8.
909 1682 963 1692 --
993 1660 1032 1699 Si
1057 1660 1191 1700 folium
1214 1662 1383 1714 primum
1414 1661 1526 1699 exci-

417 1718 523 1770 pias,
549 1728 627 1755 una
652 1714 870 1765 eademque
892 1713 947 1753 est
965 1715 1065 1753 haec
1093 1715 1216 1754 editio
1239 1727 1328 1754 cum
1353 1715 1416 1754 ed.
1436 1714 1526 1753 Ro·-

417 1783 533 1810 mana
559 1781 622 1809 an,
652 1781 764 1821 1544.
787 1768 943 1821 Nempe
969 1768 1164 1808 Iordanus
1197 1769 1344 1808 Ziletus
1361 1799 1371 1815 ‚
1404 1779 1527 1818 typo-

417 1824 589 1877 graphus
605 1823 789 1862 Venetus
801 1853 813 1870 ‚
832 1822 944 1876 plura
967 1823 1041 1874 (ut
1064 1823 1252 1862 credibile
1270 1822 1429 1876 prorsus
1446 1821 1527 1870 est)

418 1891 464 1917 ac
496 1877 625 1917 uisivit
645 1877 830 1916 editionis
846 1876 1053 1915 Romanae
1070 1876 1244 1929 exempla
1261 1908 1272 1923 ‚
1291 1877 1432 1928 quibus
1450 1874 1527 1913 sin-2

419 1892 519 1985 guiis
542 1929 722 1985 adposuit
737 1944 760 1969 a
784 1929 821 1969 se
837 1932 979 1970 iterum
1001 1930 1217 1984 impreffam
1237 1930 1424 1983 plagulam
1447 1929 1528 1983 pri-

418 1998 522 2025 mam
548 1985 736 2037 (reliquis
761 1997 809 2023 ex
844 1986 968 2038 prima
1003 1986 1181 2024 editione
1210 1986 1364 2038 penitus
1395 1996 1528 2023 reten-

418 2041 499 2091 tis)
532 2052 609 2091 qua
633 2039 915 2078 continebatur
945 2039 1056 2079 frons
1093 2039 1309 2086 eiusmodi,
1341 2051 1386 2078 ut
1417 2050 1528 2077 totus

418 2094 518 2133 liber
538 2093 717 2132 Venetiis
731 2123 742 2141 ‚
769 2093 942 2132 indicato
966 2105 1071 2132 anno
1104 2106 1218 2143 1557.
1246 2092 1447 2145 impreffus
1467 2093 1528 2131 es-

421 2147 462 2187 se
482 2148 698 2186 videretur.
742 2145 844 2198 Quo
868 2146 1016 2187 fraudis
1044 2158 1188 2200 genere
1208 2147 1272 2185 vel
1296 2147 1430 2187 nostra
1455 2148 1528 2185 hac

422 2200 654 2254 tempestate
685 2200 867 2241 nonnulli
900 2201 1142 2254 typographi
1173 2201 1383 2241 utilitatem
1422 2199 1528 2239 suam

423 2267 632 2307 quaerunt.

424 2311 481 2348 Μ.
511 2311 546 2347 V
544 2309 662 2348 itruvii
682 2308 850 2347 Pollionis
868 2310 906 2346 de
926 2310 1164 2348 Architeffura
1188 2310 1280 2349 Libri
1302 2311 1434 2354 decem,
1455 2323 1528 2346 cum

426 2363 677 2402 Commentariis
702 2364 866 2401 Danielis
879 2364 1029 2402 Barbari
1039 2395 1051 2410 ,
1073 2366 1162 2403 elefii
1179 2365 1402 2403 Patriarclme
1420 2363 1531 2412 Aqui-

422 2417 576 2467 leienfis:
601 2416 718 2456 multis
741 2417 969 2467 aedificiorum
985 2448 996 2463 ,
1033 2418 1279 2470 horologiorum
1293 2449 1308 2465 ,
1335 2419 1370 2456 δ’
1390 2417 1530 2454 machi-

424 2485 543 2509 narum
575 2471 874 2524 descriptionibus,
906 2470 940 2510 δ’
962 2473 1112 2524 figuris,
1149 2489 1220 2511 una
1250 2486 1323 2510 cum
1357 2471 1530 2508 Indicibus

426 2526 567 2577 copiosss
580 2554 593 2570 ,
610 2525 718 2564 aut‘t'is
737 2525 771 2564 δ’
791 2525 979 2579 il.·'ustratis.
1003 2525 1037 2564 V
1037 2527 1162 2567 enetiis.
1185 2528 1296 2579 Apud
1310 2525 1529 2578 Franciscum
