1600 2902
365 481 448 539 M.
481 481 884 539 VITRUVII
931 481 1400 543 POLLIONIS

840 635 933 668 DE

261 751 1516 829 ARCHITECTURA

418 911 719 958 LIBER
785 911 1357 960 SECUNDUS,

740 1072 1043 1085 ————-——ae

642 1180 1143 1229 PRAEFATIO.

264 1262 673 1372 DtNOCRATEs
731 1317 1006 1373 architefflu‘s
1064 1327 1425 1390 cogitationibus
1478 1327 1520 1374 &3

266 1398 444 1443 solertia
466 1399 633 1455 fretus,
665 1417 771 1446 cum
797 1401 1057 1446 Alexander
1086 1418 1242 1447 rernm
1264 1401 1523 1461 potiretur,

266 1468 499 1530 profefflus
532 1472 593 1516 est
624 1490 648 1517 a
670 1473 947 1519 Macedonia
978 1473 1036 1517 ad
1067 1474 1341 1529 exercitum,
1374 1472 1522 1534 regiae

266 1542 468 1600 cupidus
497 1544 927 1589 commendationis.
964 1545 1006 1588 Is
1047 1561 1070 1588 e
1101 1545 1244 1604 patria
1276 1562 1299 1589 a
1331 1543 1523 1604 propin·-

268 1615 371 1672 quis
409 1612 449 1657 Sc
480 1616 636 1659 amicis
664 1615 773 1659 tulit
815 1614 873 1659 ad
909 1615 1084 1674 primos
1128 1615 1311 1659 ordines
1342 1613 1382 1659 8c
1412 1629 1524 1673 pur-

269 1697 459 1745 puratos
484 1686 654 1743 literas,
687 1697 741 1731 ut
772 1687 921 1731 aditus
951 1687 1140 1731 haberet
1177 1686 1423 1732 faciliores:
1460 1686 1521 1730 ab

271 1760 430 1817 eisque
464 1771 685 1819 exceptus
731 1760 967 1814 humane,
1006 1758 1142 1818 petiit
1182 1759 1251 1803 uti
1288 1758 1525 1818 quampri-

268 1848 404 1876 mum
423 1832 479 1876 ad
502 1832 818 1877 Alexandrum
839 1831 1186 1891 perduceretur.
1227 1832 1350 1876 Cum
1385 1830 1524 1891 poni-

270 1905 346 1950 citi
379 1905 544 1960 essent,
576 1905 794 1951 tardiores
826 1904 1046 1961 fuerunt,
1078 1904 1306 1949 idoneum
1336 1914 1526 1963 ternpus

271 1975 597 2037 exspet‘stantes.
636 1979 799 2037 Itaque
823 1977 1095 2022 Dinocrates
1123 1976 1182 2020 ab
1219 1975 1268 2019 iis
1297 1973 1341 2020 se
1375 1974 1526 2020 existi-

271 2067 401 2094 mans
447 2050 612 2105 illudi,
654 2051 712 2095 ab
752 2051 795 2095 se
830 2051 968 2110 petiit
1010 2049 1302 2110 praesidium.
1358 2049 1527 2094 Fuerat

272 2122 399 2167 enim
427 2122 695 2182 ampliffima
723 2122 915 2178 statura,
948 2122 1061 2167 facie
1093 2133 1238 2184 grata,
1274 2120 1420 2166 forma
1453 2120 1525 2165 di·-

270 2194 543 2256 gnitateque
581 2194 770 2239 summa.
821 2195 904 2238 His
934 2194 1072 2256 igitur
1105 2205 1294 2238 naturae
1321 2192 1527 2237 muneri·

271 2268 358 2312 bus
383 2267 604 2323 confisus,
644 2266 916 2311 vestimenta
946 2266 1101 2326 posuit
1132 2266 1181 2310 in
1216 2264 1417 2326 hospitio
1436 2298 1449 2320 ,
1482 2264 1524 2309 Sc

272 2341 380 2384 oleo
410 2356 576 2400 corpus
606 2340 855 2400 perunxit,
894 2351 1131 2400 caputque
1163 2338 1402 2385 coronavit
1437 2353 1526 2397 po-

272 2415 410 2471 pulea
442 2414 629 2469 fronde,
674 2415 860 2457 laevum
895 2413 1146 2457 humerum
1183 2413 1305 2472 pelle
1339 2409 1527 2454 leonina

273 2484 413 2539 texit,
452 2485 710 2545 dextraque
746 2485 923 2531 clavam
959 2496 1120 2531 tenens
1154 2483 1326 2530 inceffit
1364 2491 1522 2526 contra
