1600 2902
291 189 384 238 324
540 176 606 225 M.
641 178 931 231 VITRUVH
965 186 1301 242 ponamus

686 337 723 383 C
740 337 781 382 A
804 339 840 384 P
858 340 900 386 U
919 341 963 386 T
1028 343 1075 389 X
1092 345 1151 390 X.

317 413 391 461 De
423 418 624 479 testudine
656 422 714 466 ad
743 425 1041 485 congestionem
1063 426 1277 489 fifflzrum
1301 432 1509 494 paranda·

365 506 575 554 Testudo
595 543 607 564 ,
653 526 774 570 quae
822 512 883 557 ad
932 515 1277 577 congestionem
1325 519 1542 568 fossarum

280 591 494 640 paratur,
525 599 673 641 eaque
698 583 838 628 etiam
862 586 1055 632 accessus
1085 589 1143 633 ad
1173 607 1364 636 murum
1389 596 1543 653 potest

279 652 452 699 habere
473 688 486 709 ,
529 654 587 700 fic
630 656 717 700 erit
750 656 976 703 facienda.
1037 659 1151 705 Bafis
1181 665 1508 727 compingatur
1529 702 1544 725 ‚

279 743 402 786 quae
435 727 608 773 Graece
639 731 799 787 ἐσχάρα
831 730 1032 788 dicitur,
1076 735 1327 792 quadrata,
1366 737 1542 784 habens

277 801 634 859 quoquoversus
652 799 793 846 latera
813 803 985 866 singula
1004 805 1183 864 pedum
1195 817 1316 852 XXV.
1339 807 1380 852 Sc
1402 820 1543 854 trans-

275 874 469 919 versaria
499 886 715 934 quatuor.
769 875 897 921 Haec
928 889 1087 923 autem
1120 881 1450 927 contineantur
1479 884 1539 928 ab

272 950 425 994 alteris
456 950 645 995 duobus
668 950 810 995 crassis
845 964 886 995 F.
913 964 948 996 s.
985 953 1083 997 latis
1110 965 1146 997 S.
1179 953 1349 1001 distent
1376 967 1537 1002 autem

271 1024 587 1069 transversaria
618 1025 737 1070 inter
772 1025 815 1070 se
855 1025 1031 1071 circiter
1062 1027 1185 1087 pede
1215 1028 1256 1072 8c
1283 1040 1320 1073 S.
1362 1030 1539 1091 suppo-

270 1108 543 1157 nanturque
574 1098 623 1142 in
651 1098 835 1161 singulis
863 1099 1112 1144 intervallis
1131 1116 1296 1146 eorum
1315 1102 1538 1147 arbuscu-

267 1171 339 1215 lae
357 1203 369 1224 ,
397 1186 522 1229 quae
554 1169 726 1215 Graece
758 1173 1005 1227 ἁμαξόπσδες
1033 1171 1270 1228 dicuntur,
1288 1172 1337 1217 in
1361 1173 1537 1232 quibus

266 1244 507 1290 versantur
535 1256 745 1289 rotarum
779 1262 886 1290 axes
920 1245 1122 1289 conclusi
1154 1245 1335 1290 laminis
1366 1246 1534 1291 ferreis.

267 1319 458 1379 Eaeque
493 1318 763 1362 arbusculae
799 1318 862 1361 ita
904 1317 991 1362 slnt
1026 1328 1337 1378 temperatae,
1371 1330 1422 1363 ut
1455 1319 1536 1364 ha-

266 1393 414 1438 beant
444 1391 648 1435 cardines
687 1391 726 1434 &
758 1389 985 1434 foramina
1005 1422 1018 1445 ‚
1051 1406 1148 1450 quo
1178 1388 1329 1435 vectes
1358 1389 1531 1437 traiecsti

262 1467 543 1512 versationes
569 1482 729 1511 earum
759 1464 1041 1524 expediant,
1078 1465 1148 1509 uti
1180 1477 1288 1510 ante
1320 1466 1360 1511 Sc
1390 1466 1493 1525 post
1514 1500 1530 1522 ‚

262 1538 306 1585 8c
335 1538 394 1583 ad
417 1538 638 1582 dextrum
668 1537 746 1580 seu
773 1536 1000 1580 sinistrum
1032 1538 1174 1591 latim,
1209 1537 1300 1581 five
1330 1537 1528 1597 oblique

263 1609 326 1656 ad
365 1609 560 1671 angulos
608 1623 726 1666 opus
758 1605 925 1661 fuerit,
972 1606 1031 1650 ad
1068 1606 1116 1650 id
1153 1623 1236 1666 per
1268 1607 1530 1654 arbusculas

260 1681 424 1728 versati
455 1678 673 1741 progredi
703 1678 889 1738 possint.
929 1677 1237 1723 Collocentur
1269 1692 1428 1724 autern
1459 1681 1527 1725 in-

257 1756 398 1815 super
415 1752 559 1798 bafim
588 1752 714 1814 tigna
732 1751 831 1796 duo
848 1785 861 1808 ,
878 1751 927 1796 in
950 1763 1202 1811 utramque
1221 1764 1398 1811 partem
1420 1769 1528 1812 pro-

258 1828 376 1876 iecra
406 1827 551 1888 pedes
579 1825 740 1882 senos,
771 1842 982 1884 quorum
1012 1826 1127 1870 circa
1157 1822 1434 1885 proiecsluras
1471 1828 1525 1871 fi-

254 1912 427 1965 gantur
469 1901 609 1943 altera
652 1895 856 1956 proiecta
900 1897 997 1942 duo
1040 1898 1166 1959 tigna
1202 1908 1311 1941 ante
1349 1897 1525 1942 frontes

252 1973 398 2033 pedes
420 1983 514 2017 VII.
543 1967 673 2014 craffa
701 1968 873 2023 gelata,
906 1969 975 2013 uti
1002 1969 1048 2013 in
1079 1968 1171 2012 bafi
1205 1968 1313 2012 sunt
1341 1968 1520 2028 scripta.

251 2042 448 2102 Insuper
499 2041 617 2084 hanc
660 2035 1037 2098 compactionem
1092 2039 1327 2101 erigantur
1367 2040 1519 2098 postes

249 2111 577 2174 compafiiles‚
604 2123 784 2172 praeter
821 2111 1027 2156 cardines
1055 2111 1239 2171 pedum
1275 2124 1338 2154 Ix.
1373 2112 1519 2155 crassi·

246 2188 415 2234 tudine
450 2186 817 2247 quoquoversus
861 2184 1225 2244 palmipedales‚
1277 2183 1515 2228 intervalla

246 2262 472 2306 habentes
500 2262 618 2304 inter
642 2261 686 2304 se
713 2259 1013 2320 sesquipedis.
1058 2258 1145 2317 Eae
1167 2258 1511 2303 concludantur

241 2333 442 2393 superne
491 2331 855 2376 intercardinatis
897 2331 1118 2375 trabibus.
1169 2328 1316 2389 Supra
1360 2327 1510 2372 trabes

242 2407 535 2450 collocentur
571 2405 773 2463 capreoli
803 2406 1069 2451 cardinibus
1114 2406 1228 2449 alius
1273 2405 1320 2447 in
1363 2403 1507 2447 alium

240 2478 473 2534 conclusi,
510 2479 559 2523 in
588 2478 838 2524 altitudine
871 2479 1057 2525 excitati
1082 2479 1224 2540 pedes
1248 2491 1319 2523 IX.
1363 2475 1511 2537 Supra
