1600 2902
215 200 262 249 13
275 185 301 236 8
460 186 523 230 M.
559 186 849 233 VITRUVII
882 188 1224 236 POLLIONIS

206 302 286 336 tes.
311 292 475 350 Itaque
488 294 769 354 parhypate,
793 311 911 353 quae
930 295 979 339 in
997 297 1242 342 harmonia
1260 295 1391 342 distat
1410 297 1470 346 ab

204 365 380 424 hypate
408 366 515 410 diesi
534 401 545 420 ,
579 367 630 414 in>
648 368 884 414 chromate
901 379 1076 413 mutata
1101 371 1241 414 habet
1266 371 1471 417 hemito-

204 435 369 490 nium,
408 436 456 482 in
485 437 679 481 diatono
706 454 816 482 vero
849 449 1030 483 tonum.
1082 441 1178 508 Qui
1197 442 1400 486 lichanos
1420 442 1471 488 in

204 508 450 556 harmonia
472 512 643 557 dicitur
659 546 670 566 ,
706 512 764 556 ab
786 514 956 573 hypate
975 514 1107 558 distat
1128 516 1467 563 hemitonium:

202 581 256 626 in
270 583 457 629 chroma
473 587 713 631 translatus
725 621 735 640 ,
765 587 1060 648 progreditur
1077 588 1173 633 duo
1193 590 1470 646 hemitonia,

203 660 255 706 in
284 661 477 707 diatono
513 664 645 709 distat
672 666 729 709 ab
761 666 935 726 hypate
961 666 1046 712 tria
1084 667 1351 714 hemitonia.
1401 669 1470 712 Ita.

206 733 371 778 decern
398 736 572 783 sonitus
589 749 781 797 propter
802 738 1120 782 translationes
1143 739 1191 784 in
1220 742 1467 802 generibus

207 807 414 853 efficiunt
464 810 695 871 triplicem
747 813 1136 859 modulationum
1186 814 1470 861 varietatem.

203 878 522 928 Tetrachorda
544 895 700 930 autem
730 887 835 931 sunt
863 886 1078 945 quinque
1101 905 1108 929 :
1146 887 1352 946 primum
1377 901 1472 948 gra-

203 950 459 1009 vissimum,
501 957 635 1014 quod
672 957 845 1002 Graece
889 957 1056 1003 dicitur
1090 961 1258 1004 ὕπατονε
1306 959 1471 1003 secun«

207 1024 326 1071 dum
343 1016 615 1075 medianum
634 1064 647 1086 ,
674 1031 809 1090 quod
826 1033 1086 1091 appellatur
1110 1033 1246 1085 μέσσω
1276 1032 1470 1076 tertium

204 1096 513 1146 coniunfflum
532 1136 544 1158 ,
578 1103 711 1161 quod
733 1106 962 1158 συνέμμενον
992 1104 1183 1150 dicitur:
1223 1113 1470 1162 quartum,

206 1169 521 1228 disiunfflum,
557 1175 692 1232 quod
725 1177 992 1232 διεζευγμένον
1011 1174 1302 1219 nominatur:
1338 1175 1472 1233 quin·

204 1253 341 1298 tum,
386 1245 520 1304 quod
551 1247 612 1290 est
633 1248 967 1303 acutissimum,
1005 1248 1179 1292 Graece
1213 1250 1470 1305 Onspsso'aaeioie

204 1313 385 1360 dicitur.
425 1315 696 1363 Concentus
727 1335 846 1377 quos
878 1329 1042 1364 natura
1075 1317 1279 1362 hominis
1292 1314 1470 1359 modu-

202 1386 284 1430 lari
311 1389 490 1447 potest,
524 1390 796 1449 Graeceque
827 1396 1054 1448 συμφωνίαι
1080 1391 1331 1443 dicuntur,
1361 1387 1470 1432 sunt

203 1458 307 1514 seX,
347 1460 644 1518 diatessaron,
681 1462 927 1522 diapente,
965 1463 1212 1522 diapason,
1248 1460 1470 1521 diapason

205 1547 316 1576 cum
352 1534 648 1589 diatessaron,
687 1535 907 1594 diapason
942 1551 1052 1581 cum
1089 1535 1335 1594 diapente,
1375 1533 1469 1576 dis⁴

205 1604 442 1663 diapason.
474 1606 688 1664 Ideoque
713 1606 753 1650 86
784 1623 806 1650 a
837 1622 1035 1651 numero
1068 1606 1262 1651 nomina
1281 1620 1470 1663 recepe-

205 1688 342 1733 runt,
386 1679 519 1737 quod
566 1695 672 1724 cum
705 1694 800 1722 vox
833 1679 1089 1723 constiterit
1121 1679 1170 1723 in
1205 1696 1297 1723 una
1333 1680 1472 1722 sono·

205 1768 313 1797 rum
343 1753 585 1808 finitione,
625 1754 684 1798 ab
718 1770 866 1811 eaque
895 1754 938 1797 se
973 1751 1160 1799 flefflens
1194 1752 1472 1807 mutaverit,

205 1825 248 1870 Sc
269 1825 534 1885 pervenerit
562 1825 610 1871 in
644 1836 855 1885 quartam
881 1827 1259 1873 terminationem
1276 1860 1289 1879 ,
1312 1826 1469 1884 appel·

204 1903 327 1945 latur
349 1900 643 1956 diatessaron,
678 1901 726 1945 in
757 1901 971 1960 quintam
1004 1900 1251 1960 diapente,
1276 1899 1322 1943 in
1344 1895 1468 1942 offla-

203 1988 310 2017 vam
333 1972 575 2031 diapason,
602 1974 649 2016 in
680 1970 887 2020 offlavam
909 1974 949 2019 86
975 1972 1218 2016 dimidiam
1243 1970 1465 2029 diapason

201 2044 244 2090 Sc
269 2044 565 2101 diatessaron,
604 2046 650 2089 in
680 2061 855 2091 nonam
888 2047 928 2093 &⁴
965 2044 1206 2090 dimidiam
1242 2043 1466 2102 diapason,

202 2116 246 2162 Sc
275 2116 522 2177 diapente,
571 2117 620 2164 in
655 2117 1110 2175 quintamdecimam
1156 2115 1463 2175 disdiapason.

203 2187 316 2232 Non
341 2190 466 2234 enim
494 2190 611 2235 inter
641 2189 737 2236 duo
769 2190 1006 2234 intervalla
1044 2206 1153 2234 cum
1182 2187 1464 2235 chordarum

202 2259 380 2306 sonitus
408 2273 487 2307 aut
505 2262 628 2306 vocis
652 2273 810 2307 cantus
842 2259 984 2308 safflus
1011 2262 1147 2309 fuerit
1166 2296 1177 2317 ,
1202 2278 1286 2308 nec
1308 2261 1354 2306 in
1376 2271 1463 2305 ter-

205 2333 264 2379 tia
282 2368 294 2388 ,
322 2346 402 2379 aut
420 2335 568 2391 sexta,
601 2346 679 2380 aut
709 2336 901 2394 septima
927 2335 1114 2396 possunt
1134 2334 1460 2380 consonantiae

205 2405 316 2450 fieri.
346 2407 437 2452 Sed
472 2410 555 2469 (ut
584 2409 715 2468 supra
743 2408 962 2468 scriptum
996 2409 1088 2468 est)
1122 2407 1387 2452 diatessaron
1419 2405 1460 2450 ἐξ

208 2477 449 2542 diapente,
469 2482 508 2529 86
529 2497 586 2528 ex
606 2481 770 2533 ordine
789 2482 848 2528 ad
872 2482 1164 2546 disdiapason
1185 2478 1460 2527 convenien-
