1600 2902
271 187 359 234 170
507 172 573 218 M.
609 174 896 222 VITRUVII
929 179 1259 229 PO'LLIONIS

263 280 416 324 }orum
443 282 669 340 ecphorae
688 316 700 337 ,
721 284 957 345 fignorum
974 285 1144 347 figurae
1173 291 1516 349 prominente&

262 372 372 400 curn
408 355 461 399 fit
488 357 645 403 tabula
669 358 761 403 fine
793 359 942 403 dubio
966 360 1025 404 ad
1045 364 1248 423 regulam
1270 364 1416 423 plana.
1445 362 1518 407 Si-

260 430 432 475 militer
465 432 513 475 in
544 432 741 478 navibus
770 435 907 489 remi,
942 451 1050 479 curn
1081 437 1166 481 smt
1189 437 1272 483 sub
1298 455 1419 498 aqu-a
1444 438 1516 481 di·-

258 504 399 562 rec'ti,
436 517 593 552 tamen
622 508 766 553 oculis
793 507 969 554 infrafii
1002 510 1244 568 videntur,
1278 512 1318 558 Sc
1354 523 1515 571 quate-

256 599 346 628 nus
385 599 548 628 eorum
581 597 730 643 partes
775 595 975 647 tangunt
1012 585 1240 630 summam
1270 586 1514 646 planitiem

256 659 474 718 liquoris,
505 672 730 719 apparent
765 662 866 720 (uti
900 660 1035 721 sunt)
1068 658 1261 715 directi,
1292 678 1399 707 cum
1433 677 1514 706 ve-

256 748 309 777 ro
343 732 426 777 sub
455 749 576 793 aqua
602 733 709 776 sunt
742 733 939 788 derniffi,
978 751 1060 794 per
1097 746 1286 779 naturae
1312 734 1515 794 perluci«

255 806 363 851 dam
395 807 652 862 raritatem,
691 808 940 853 remittunt
961 819 1198 852 enatantes
1223 808 1283 852 ab
1301 807 1388 851 suis
1411 824 1513 853 cor·-

252 883 446 943 poribus
487 883 684 928 fluentes
731 883 951 946 imagines
994 884 1053 929 ad
1093 885 1323 929 summam
1365 901 1513 944 aquae

252 959 496 1019 planitiem
514 993 527 1014 ,
562 970 706 1019 atque
733 960 818 1004 hae
843 960 907 1004 ibi
941 971 1207 1005 commotae
1240 962 1415 1005 efficere
1444 960 1514 1005 vi·-

253 1035 427 1080 dentur
470 1033 717 1079 infraCtum
763 1051 999 1080 remorum
1039 1036 1181 1080 oculis
1223 1032 1512 1095 adspeEtum.

250 1109 356 1155 Hoc
383 1124 543 1155 autem
562 1144 574 1165 ,
603 1110 693 1155 five
723 1110 1073 1156 fimulacrorum
1090 1110 1328 1170 impulsu,
1346 1109 1424 1154 seu
1442 1126 1513 1157 ra-

251 1184 439 1229 diorum
472 1200 530 1228 ex
564 1185 707 1230 oculis
745 1184 1043 1233 effusionibus
1075 1187 1170 1247 (uti
1198 1185 1392 1247 physicis
1414 1187 1513 1245 pla-

251 1261 353 1316 cet)
387 1260 624 1305 videamus
641 1294 654 1316 ,
685 1271 883 1320 utraque
908 1261 1087 1306 ratione
1116 1260 1301 1306 videtur
1326 1261 1387 1306 ita
1407 1259 1512 1315 effe,

253 1338 320 1382 uti
340 1336 442 1381 falsa
463 1336 632 1383 iudicia
652 1340 900 1384 oculorum
918 1337 1086 1383 habeat
1109 1335 1359 1398 adspeEius.
1386 1338 1509 1383 Cum

250 1429 358 1476 ergo
384 1430 503 1473 quae
525 1414 631 1458 sunt
656 1431 760 1459 vera
784 1414 887 1459 falsa
910 1414 1157 1459 videantur
1173 1448 1185 1469 ,
1218 1414 1258 1460 8c
1280 1414 1509 1458 nonnulla

247 1489 382 1533 aliter
412 1507 556 1548 quam
591 1490 696 1534 sunt
737 1491 880 1535 oculis
922 1491 1212 1551 probentur,
1257 1505 1353 1534 non
1388 1500 1509 1550 puto

248 1573 464 1621 oportere
493 1562 577 1607 effe
616 1563 850 1619 dubium,
885 1565 1001 1623 quin
1038 1565 1097 1608 ad
1130 1565 1344 1609 locorum
1370 1575 1506 1610 natu-

244 1654 311 1682 ras
340 1648 419 1681 aut
454 1637 759 1693 necestitates,
789 1635 1121 1693 dermffliones‚
1168 1650 1247 1683 aut
1281 1638 1506 1685 3ἀίεᾶἰο-

244 1730 324 1758 nes
365 1714 463 1758 heri
496 1714 726 1766 debeant3
762 1714 838 1758 sed
872 1715 933 1758 ita
957 1725 1009 1759 ut
1045 1714 1158 1758 nihil
1192 1715 1238 1758 in
1265 1715 1330 1758 his
1352 1717 1506 1775 operi-

242 1789 332 1835 bus
359 1789 656 1833 desideretur.
693 1788 819 1832 Haec
846 1799 1005 1832 autem
1035 1788 1173 1831 etiam
1209 1787 1505 1850 ingeniorum

243 1865 541 1913 acuminibus
561 1899 573 1920 ,
624 1881 721 1909 non
758 1865 910 1910 solum
962 1860 1182 1909 doeh-inis
1227 1864 1504 1909 efficiuntur.

242 1944 388 2007 Igitur
406 1941 647 1987 statuenda
666 1942 725 1985 est
742 1940 948 2000 primum
970 1940 1085 1983 ratio
1105 1939 1504 1999 symmetriarum,

238 2035 264 2061 a
309 2033 402 2075 qua
449 2016 652 2059 sumatur
704 2014 795 2058 fine
831 2013 1135 2065 ,dubitatione
1175 2011 1500 2056 commutatio.

239 2091 430 2136 Deinde
452 2090 710 2150 explicetur
738 2089 885 2148 operis
899 2087 1040 2133 futuri
1061 2086 1329 2132 &locorum
1351 2087 1503 2132 imum

240 2167 437 2225 spatium
456 2199 467 2219 ,
505 2163 814 2226 longitudinis
854 2162 893 2207 ὃς
919 2162 1203 2217 latitudinis,
1237 2163 1367 2207 cuius
1392 2178 1501 2208 cum

240 2242 382 2286 semel
431 2239 572 2284 fuerit
623 2239 867 2284 constituta
917 2239 1194 2301 magnitudo
1216 2273 1228 2294 ,
1285 2239 1502 2298 sequatur

241 2335 342 2362 eam
383 2316 701 2376 proportionis
745 2316 805 2359 ad
846 2316 1063 2360 decorem
1109 2315 1379 2375 apparatio,
1430 2314 1500 2357 uti

240 2411 339 2439 non
388 2395 440 2437 sit
482 2392 875 2438 considerantibus
930 2388 1168 2451 adspefflus
1211 2390 1500 2451 eurythmiae

242 2469 415 2514 dubius
436 2487 443 2513 :
469 2468 527 2513 de
556 2484 671 2528 qua,
701 2467 873 2527 quibus
893 2467 1154 2514 rationibus
1175 2466 1391 2511 efficiatur
1406 2499 1419 2519 ,
1441 2464 1501 2508 est
