1600 2902
236 203 336 249 '128
487 196 558 243 M.
592 196 640 244 V
643 196 889 244 ITRUVII
921 198 1263 249 POLLIONIS

239 318 544 368 terponentes
575 323 600 352 e
636 308 780 353 choro
816 308 1084 366 canticum,
1117 310 1373 357 diviserunt
1411 310 1510 374 spa-

237 380 301 424 tia
331 378 627 423 fabularum:
664 379 726 423 ita
756 390 907 438 partes
933 379 1098 426 cubica
1128 383 1308 428 ratione
1333 384 1507 430 facien-

238 462 330 508 tes,
380 450 814 510 intercapedinibus
848 452 1008 496 levant
1047 449 1256 500 afiorum
1290 473 1508 516 pronun-

237 524 468 570 tiationes.
503 526 625 570 Cum
654 541 763 588 ergo
795 525 909 571 haec
942 527 1142 572 naturali
1181 530 1330 576 modo
1363 532 1451 577 snit
1481 549 1506 576 a

238 600 492 645 maioribus
529 598 796 653 observata,
829 597 1090 658 animoque
1122 600 1362 647 advertam
1397 602 1506 648 inu-

225 675 383 740 ·fitatas
412 675 453 720 Sc
493 673 705 718 obscuras
743 673 903 718 multis
942 690 1009 719 res
1037 674 1123 719 effe
1154 676 1270 721 mihi
1302 678 1506 723 scriben-

237 748 343 804 das,
378 765 475 808 quo
501 747 676 793 facilius
706 747 764 791 ad
793 746 946 792 sensus
980 749 1242 811 legentium
1262 753 1504 811 pervenire

237 820 435 880 possint,
477 817 698 863 brevibus
733 818 1060 863 voluminibus
1100 820 1308 865 iudicavi
1341 821 1505 867 scribe-

235 910 299 940 re.
338 893 404 937 Ita
443 893 567 936 enim
601 891 820 951 expedita
850 904 988 937 erunt
1020 893 1079 937 ad
1111 893 1507 958 intelligendum,

235 982 501 1025 eorumque
560 964 873 1010 ordinationes
917 964 1125 1020 institui,
1164 966 1233 1010 uti
1279 982 1378 1011 non
1416 968 1507 1012 sint

234 1040 571 1101 quaerentibus
614 1039 857 1098 separatim
899 1038 1193 1101 colligenda,
1242 1040 1322 1083 sed
1352 1056 1376 1085 e
1407 1057 1507 1086 cor-

234 1131 352 1174 pore
385 1130 483 1159 uno
515 1112 556 1159 Sc
590 1114 639 1157 in
681 1113 868 1174 singulis
909 1112 1235 1158 voluminibus
1271 1130 1501 1175 generum

233 1186 467 1230 haberent
510 1185 855 1246 explicationes.
911 1185 1105 1244 Itaque,
1144 1185 1328 1242 Caesar,
1363 1188 1503 1232 tertio

233 1260 277 1306 8c
314 1271 482 1320 quarto
520 1259 766 1304 volumine
807 1257 998 1302 aedium
1040 1257 1266 1303 sacrarum
1303 1260 1505 1305 rationes

235 1333 446 1394 exposui.
493 1333 599 1378 Hoc
633 1333 754 1377 libro
788 1331 1099 1391 publicorum
1125 1333 1339 1378 locorum
1370 1350 1505 1394 expe-

233 1407 361 1452 diam
382 1407 718 1467 dispositiones,
748 1406 1077 1466 Primumque,
1097 1406 1256 1454 forum
1275 1409 1345 1452 uti
1366 1424 1507 1467 opor-

232 1492 329 1527 teat
361 1481 604 1537 constitui,
660 1482 836 1535 dicam3
882 1482 1018 1541 quod
1052 1483 1099 1525 in
1137 1499 1192 1526 eo
1226 1482 1267 1526 Sc
1296 1483 1505 1542 publica·

232 1569 339 1597 rum
373 1553 414 1597 8:
444 1552 731 1611 privatarum
761 1569 919 1598 retum
950 1552 1148 1619 rationes
1169 1568 1253 1612 per
1275 1553 1503 1616 magistra·

234 1636 310 1670 tus
334 1625 672 1688 gubernantur.

614 1828 685 1874 De
709 1829 812 1891 foro
846 1830 1118 1890 bafilicisque.

300 1917 463 1964 Graeci
491 1918 538 1962 in
564 1916 792 1976 quadrato
810 1950 823 1972 ‚
858 1916 1139 1977 ampliffimis
1163 1915 1203 1961 8c
1233 1913 1500 1976 duplicibus

231 1992 495 2053 porticibus
515 2025 527 2048 ‚
561 1991 658 2035 fora
678 1990 997 2046 constituunt,
1027 1989 1292 2048 crebrisque
1316 1992 1500 2034 colum-

232 2065 305 2109 nis
323 2063 363 2108 8c
382 2063 574 2124 lapideis
601 2075 681 2107 aut
710 2064 980 2108 marmoreis
1010 2061 1226 2122 epistyliis
1245 2061 1499 2118 adornant,

234 2137 277 2183 8<
321 2137 457 2197 supra
497 2134 837 2182 ambulationes
879 2135 929 2179 in
966 2133 1397 2195 contignationibus
1434 2132 1500 2177 fa-

236 2209 382 2254 ciunt.
419 2210 577 2253 Italiae
608 2223 722 2252 vero
751 2207 947 2251 urbibus
964 2222 1063 2251 non
1093 2205 1259 2250 eadem
1277 2206 1337 2250 est
1360 2206 1498 2250 ratio-

233 2295 297 2325 ne
329 2279 628 2334 faciendum,
663 2277 770 2322 ideo
797 2278 932 2337 quod
957 2295 982 2322 a
1014 2277 1267 2322 maioribus
1303 2277 1498 2321 consue-

235 2352 358 2397 tudo
388 2352 552 2397 tradita
589 2351 650 2395 est
676 2384 688 2406 ,
714 2350 978 2412 gladiatoria
1001 2366 1195 2394 munera
1223 2349 1271 2392 in
1300 2349 1400 2393 foro
1426 2348 1497 2391 da·

234 2426 286 2468 ri.
320 2425 465 2487 Igitur
501 2426 676 2470 circum
706 2420 961 2484 specslacula
1002 2423 1261 2483 spatiosiora
1297 2422 1498 2465 interco-

235 2497 417 2543 lumnia
454 2498 817 2555 distribuantur,
837 2497 1051 2557 circaque
1086 2497 1132 2541 in
1158 2495 1414 2556 porticibus
1432 2510 1499 2539 ar-
