1600 2902
250 216 335 265 DE<
368 215 858 262 ARCHITECTURA
892 215 1003 261 ΠΒ.
1035 214 1119 261 rx.
1219 214 1317 279 265.

49 322 271 372 donicum
310 325 437 370 idern
484 325 549 369 sol
591 324 650 369 de
694 341 750 368 eo
788 323 972 385 trigono
1007 322 1056 366 in
1097 319 1224 366 aliud
1258 319 1312 365 fi·

39 417 198 463 ,gnum
241 398 556 443 transitionem
597 396 767 442 fecerit.
807 396 858 439 Id
889 407 1046 439 autem
1073 393 1314 439 nonnullis

24 462 106 516 ‘sl'c
138 470 232 514 fieri
265 470 441 528 placet,
478 466 612 527 quod
635 468 765 511 aiunt
784 501 795 521 ,
825 467 968 510 solem
994 483 1103 511 cum
1129 465 1314 526 longius

45 542 159 588 absit
194 542 416 587 abstantia
452 540 688 599 quadam,
738 555 836 584 non
867 538 1032 582 lucidis
1064 537 1313 583 itineribus

47 616 240 661 errantia
277 632 359 675 per
405 631 454 659 ea
500 614 638 658 sidera
679 613 927 658 obscuratis
970 611 1315 658 morationibus

46 689 278 748 impediri.
310 688 460 733 Nobis
485 703 594 732 vero
615 686 666 730 id
692 702 789 731 non
811 687 1009 732 videtur.
1046 685 1164 731 Solis
1186 684 1314 729 enim

46 761 270 821 splendor
312 760 612 821 perspicibilis
649 758 689 802 Sc
723 771 915 819 partem,
963 759 1056 803 fine
1088 757 1191 802 ullis
1228 756 1316 800 ob·-

47 835 389 879 scurationibus
418 833 479 877 est
517 848 601 892 per
625 846 818 877 omnem
858 830 1122 884 mundum,
1163 839 1215 872 ut
1248 838 1318 873 et·-

48 906 139 950 iam
166 907 301 951 nobis
340 916 568 965 apparet,
601 920 712 950 cum
744 902 918 947 faciunt
947 919 1024 946 eae
1055 902 1206 946 stellae
1244 916 1317 944 re-

45 977 211 1039 gressus
252 978 292 1022 Sc
320 977 614 1022 ructationes.
683 978 802 1038 Ergo
831 975 861 1020 fi
896 974 1032 1020 tantis
1065 973 1317 1019 intervallis

49 1048 203 1093 nostra
225 1048 395 1108 species
417 1048 567 1108 potest
592 1047 639 1092 id
671 1047 1070 1102 animadvertere,
1108 1044 1227 1104 quid
1253 1045 1315 1089 ita

48 1118 372 1164 divinitatibus
417 1118 844 1180 splendoribusque
879 1119 1102 1164 astrorum
1139 1117 1319 1164 iudica-

47 1208 155 1256 rnus
202 1192 500 1236 obscuritates
546 1191 688 1245 obiici
723 1190 881 1252 poffe?
921 1191 1042 1253 Ergo
1074 1190 1230 1250 potius
1264 1205 1316 1234 ea

48 1265 166 1309 ratio
205 1264 338 1308 nobis
369 1263 630 1319 constabit,
667 1264 802 1323 quod
825 1263 980 1309 fervor
1006 1262 1319 1322 quemadmo-

50 1337 168 1383 dum
205 1354 367 1383 omnes
397 1355 463 1382 res
492 1350 681 1394 evocat,
727 1339 768 1384 Sc
798 1338 855 1383 ad
882 1338 926 1383 se
951 1338 1111 1392 ducit,
1141 1339 1224 1397 (ut
1247 1347 1318 1381 et·-

47 1411 141 1454 iam
182 1408 356 1455 frnfflus
395 1427 451 1456 ex
499 1425 616 1456 terra
656 1412 892 1474 surgentes
926 1412 974 1455 in
1014 1410 1315 1455 altitudinem

49 1498 134 1543 per
171 1484 375 1527 calorem
402 1482 645 1539 videmus,
689 1499 787 1528 non
809 1484 963 1528 minus
993 1498 1143 1541 aquae
1175 1497 1318 1541 vapo-

48 1572 118 1601 res
150 1572 174 1600 a
200 1555 410 1600 fontibus
440 1557 499 1601 ad
539 1555 690 1601 nubes
713 1571 798 1616 per
828 1572 957 1600 arcus
990 1555 1208 1614 excitari)
1243 1569 1317 1598 ea-

51 1628 160 1673 dem
182 1630 362 1674 ratione
390 1629 490 1674 solis
524 1630 728 1689 impetus
759 1629 1010 1673 vehemens
1037 1661 1049 1682 ‚
1072 1626 1206 1672 radiis
1238 1624 1319 1669 tri-

50 1702 163 1763 goni
196 1702 343 1747 forma
379 1697 624 1762 porreClis,
674 1701 969 1760 insequentes
1008 1700 1151 1745 stellas
1180 1698 1238 1744 ad
1274 1697 1316 1743 se

50 1776 299 1836 perducit,
345 1774 384 1820 Sc
421 1787 528 1820 ante
571 1787 806 1820 currentes
846 1772 994 1819 veluti
1038 1771 1317 1817 refrenando

50 1848 397 1908 retinendoque
440 1863 539 1892 non
579 1845 1037 1908 patitur-progredi,
1080 1844 1158 1889 sed
1189 1844 1249 1889 ad
1275 1844 1318 1889 se

51 1923 177 1984 cogit
203 1922 415 1984 regredi,
452 1920 491 1964 SC
521 1921 565 1964 in
593 1920 776 1965 alterius
812 1919 979 1982 trigoni
1002 1919 1182 1981 fignum
1217 1916 1316 1962 effe.

52 1995 250 2040 Fortasse
282 1994 636 2049 desiderabitur,
673 1993 791 2052 quid
823 1992 884 2036 ita
917 1991 980 2034 sol
1014 1989 1185 2049 quinto
1219 2005 1243 2032 a
1275 1988 1318 2032 se

55 2068 182 2129 signo
201 2070 358 2128 potius
383 2085 526 2128 quam
555 2067 759 2112 secundo
777 2079 856 2111 aut
880 2067 1040 2119 tertio,
1072 2080 1192 2123 quae
1210 2063 1319 2108 sunt

56 2141 303 2200 propiora,
348 2139 478 2184 faciat
511 2139 558 2182 in
601 2138 666 2183 his
702 2138 962 2182 fervoribus
997 2134 1317 2180 retentiones?

54 2215 179 2277 Ego,
211 2213 620 2272 quemadmodum
654 2213 703 2256 id
741 2212 837 2256 fieri
880 2210 1121 2264 videatur,
1173 2224 1318 2266 expo-

55 2302 178 2332 nam.
218 2286 324 2330 Eius
353 2287 465 2330 radii
504 2287 550 2330 in
583 2286 795 2341 mundo,
835 2285 903 2329 uti
929 2284 1098 2344 trigoni
1132 2281 1318 2342 paribus

53 2360 275 2406 lateribus
299 2360 469 2414 forma,
508 2359 839 2403 lineationibus
870 2357 1225 2401 extenduntur:
1268 2354 1317 2399 id

53 2446 213 2481 autem
248 2449 330 2478 nee
370 2434 474 2492 plus
505 2448 589 2477 nec
624 2433 778 2476 minus
816 2433 876 2475 cst
911 2430 967 2473 ad
1000 2429 1223 2488 quintum
1257 2428 1316 2473 ab

54 2524 114 2554 eo
150 2508 292 2570 signo.
335 2504 479 2568 Igitur
511 2505 541 2548 li
580 2504 696 2550 radii
730 2520 812 2564 per
850 2518 1042 2548 omnem
1079 2499 1318 2546 mundum
