1600 2902
315 198 398 246 DE
431 199 924 247 ARCHITECTURA
958 198 1065 246 LIB.
1098 199 1133 247 I.
1294 219 1355 266 29

95 324 189 369 que
221 306 278 353 ad
313 306 697 367 septemtrionem
721 342 733 364 ,
787 322 868 353 aut
904 309 1024 353 inter
1061 308 1354 369 septemtrio-

94 399 203 428 nem
250 383 292 428 8c
331 384 586 437 orientem,
632 398 807 441 eaeque
850 379 1044 442 paludes
1084 381 1352 426 excelsiores

93 454 265 501 fuerint
297 471 440 515 quam
476 455 603 499 littus
632 454 891 509 marinum,
926 454 1106 498 ratione
1125 453 1353 498 videbun·

94 537 170 572 tut
202 526 287 572 esse
319 527 578 573 constituta.
613 526 748 570 Fossis
770 527 895 570 enim
916 522 1093 581 duffiis,
1120 526 1172 569 fit
1203 541 1352 585 aquae

92 600 245 644 exitus
282 599 340 644 ad
376 601 535 655 littus,
577 598 618 643 Sc
649 614 708 642 ex
743 598 856 642 mari
885 598 1237 657 tempestatibus
1268 616 1352 643 au—

92 666 167 716 Cto
196 704 210 726 ,
252 671 298 715 in
330 671 524 731 paludes
565 668 875 714 redundantia
913 669 1205 712 motionibus
1239 680 1355 712 con·

93 743 260 787 citatur
278 776 290 799 ,
322 742 580 802 amarisque
606 741 918 786 mixtionibus
947 754 1046 785 non
1073 742 1249 801 patitur
1274 741 1355 787 be-

93 816 281 861 stiarum
315 813 591 877 palustrium
634 830 799 877 genera
836 813 903 858 ibi
936 813 1083 859 nasci:
1134 829 1354 875 quaeque

93 888 153 933 de
192 887 501 948 superioribus
552 886 662 933 locis
708 887 914 932 natando
964 886 1180 947 proxime
1224 887 1354 932 littus

91 960 374 1021 perveniunt
398 994 411 1015 ‚
471 959 741 1005 inconsueta
797 960 1064 1006 salsitudine
1115 972 1354 1006 necantur.

91 1034 337 1094 Exemplar
365 1045 526 1078 autem
553 1034 689 1079 huius
719 1036 782 1079 rei
806 1035 1007 1080 Gallicae
1029 1035 1223 1095 paludes
1250 1035 1354 1094 pos-

91 1105 200 1151 sunt
232 1105 347 1161 effe,
391 1122 510 1166 quae
548 1107 724 1152 circum
762 1106 1008 1162 Altinum,
1049 1107 1354 1162 Ravennam,

93 1177 390 1241 Aquilegiam
417 1212 430 1235 ,
473 1180 656 1239 aliaque
697 1196 816 1239 quae
863 1181 909 1223 in
959 1179 1192 1225 eiusmodi
1241 1181 1355 1225 locis

93 1253 350 1312 municipia
390 1253 507 1298 sunt·
530 1253 745 1312 proxima
775 1253 1028 1314 paludibus
1054 1272 1065 1308 ς
1115 1255 1250 1313 quod
1285 1256 1355 1300 his

93 1323 349 1369 rationibus
401 1325 579 1370 habent
634 1325 958 1371 incredibilem
1015 1326 1347 1372 salubritatem.

94 1397 284 1464 Quibus
316 1408 472 1443 autem
504 1398 749 1444 infidentes
781 1398 888 1443 sunt
919 1399 1112 1459 paludes
1133 1434 1146 1454 ,
1181 1399 1221 1443 Sc
1252 1417 1354 1446 non

92 1470 268 1515 habent
300 1469 451 1514 exitus
486 1468 798 1529 profluentes,
833 1485 991 1529 neque
1020 1485 1105 1529 per
1138 1467 1353 1527 flumina,

89 1557 249 1602 :neque
277 1557 360 1602 per
390 1541 519 1586 foffas
540 1575 552 1598 ‚
592 1543 663 1587 uti
692 1542 962 1598 Pomtinae,
1007 1541 1166 1587 stando
1197 1554 1356 1602 putre-

89 1613 222 1658 scunt
244 1646 257 1668 ‚
304 1613 345 1659 Sc
385 1613 605 1658 humores
643 1629 798 1677 graves
841 1612 882 1658 &⁸
910 1614 1170 1674 pestilentes
1202 1615 1251 1659 in
1285 1615 1352 1659 his

90 1689 202 1733 locis
234 1687 472 1733 emittunt.
516 1688 635 1732 Item
682 1689 730 1732 in
770 1687 941 1748 Apulia
983 1688 1218 1747 oppidum
1255 1687 1352 1733 Sal-

90 1763 167 1823 pia
201 1773 334 1808 vetus
365 1795 379 1818 ‚
428 1762 559 1822 quod
592 1760 849 1808 Diomedes
890 1761 949 1806 ab
989 1761 1128 1806 Troia
1173 1761 1355 1807 rediens

89 1834 355 1890 constituit,
390 1834 478 1878 slve
510 1833 961 1894 (quemadmodum
996 1834 1216 1878 nonnulli
1248 1834 1353 1879 scri-

91 1906 319 1966 pserunt)
357 1905 540 1965 Elphias
575 1905 786 1950 Rhodius
811 1938 825 1961 ,
874 1905 922 1949 in
964 1904 1193 1949 eiusmodi
1242 1907 1353 1951 locis

93 1975 243 2020 fuerat
279 1978 595 2032 collocatum3
638 1994 698 2022 ex
741 1994 840 2037 quo
879 1978 1060 2023 incolae
1099 1979 1355 2036 quotannis

95 2050 375 2107 aegrotando
409 2050 669 2095 laborantes
701 2084 714 2107 ,
749 2050 1005 2110 aliquando
1038 2062 1356 2110 pervenerunt

92 2120 150 2164 ad
183 2121 245 2165 M.
274 2121 524 2168 Hostilium
548 2158 562 2177 ‚
608 2125 665 2169 ab
712 2139 866 2184 eoque
911 2126 1105 2186 publice
1143 2138 1355 2186 petentes

93 2192 484 2250 impetraverunt,
510 2197 577 2240 uti
601 2197 668 2240 his
697 2197 924 2242 idoneum
947 2198 1105 2240 locum
1134 2197 1193 2240 ad
1220 2213 1354 2241 moe-

92 2265 166 2308 nia
201 2266 508 2312 transferenda
535 2271 835 2329 conquireret
871 2271 1166 2332 eligeretque.
1214 2270 1354 2315 Tunc

90 2338 123 2381 is
158 2350 360 2382 moratus
394 2355 491 2384 non
530 2343 589 2387 est
612 2378 624 2397 ‚
674 2345 751 2388 sed
787 2346 936 2388 statim
977 2344 1233 2388 rationibus
1265 2343 1353 2388 (lo-

88 2404 275 2452 &imme
310 2411 551 2467 quaesite,
580 2415 841 2460 fecundum
876 2432 1000 2459 mare
1033 2428 1260 2459 mercatus
1290 2416 1351 2460 est

87 2480 404 2538 pollellionem
438 2483 543 2526 loco
574 2483 765 2531 salubri:
822 2485 881 2529 ab
905 2485 1162 2543 senatuque
1196 2501 1353 2545 popu-
