1600 2902
275 180 367 225 254
526 161 591 208 M.
625 161 915 208 vrrrzuvn
947 160 1281 209 POLLroNJs

273 271 389 316 Milo
417 268 739 324 Crotoniates,
787 267 922 328 quod
953 267 1042 312 fuit
1074 259 1269 316 invictus
1290 303 1302 326 ‚
1347 266 1536 330 prodest

274 339 584 384 hominibus?
630 349 710 382 aut
743 338 883 382 ceteri
921 337 1005 396 qui
1045 354 1100 383 eo
1140 356 1305 401 genere
1345 340 1537 385 fuerunt

274 410 505 459 victores?
540 412 621 456 nifi
652 411 786 472 quod
815 411 932 456 dum
953 411 1174 456 vixerunt
1195 414 1275 472 ipfi
1297 413 1416 459 inter
1435 413 1539 457 suos

273 486 396 531 cives
433 485 700 530 habuerunt
735 484 1047 530 nobilitatem.
1102 485 1388 549 Pythagorae
1425 502 1537 531 vero

273 571 541 619 praecepta‚
573 557 862 614 Democriti,
892 559 1117 615 Platonis,
1149 560 1430 616 Aristotelis,
1464 577 1540 606 ce-

277 645 580 690 terorumque
608 630 869 691 sapientum
896 631 1170 690 quotidiana
1201 635 1436 693 perpetuis
1472 634 1542 677 in-

278 703 455 750 dustriis
494 705 645 761 culta,
679 720 774 749 non
804 703 957 750 solum
1002 705 1088 748 suis
1129 705 1330 760 civibus,
1363 705 1441 750 sed
1476 716 1542 751 et-

276 778 369 823 iam
403 777 626 824 omnibus
653 778 870 838 gentibus
889 789 1094 824 recentes
1114 779 1154 825 Sc
1173 778 1364 824 floridos
1389 780 1542 824 edunt

278 850 484 896 frufflus:
526 867 550 895 e
588 851 759 910 quibus
799 851 881 910 qui
912 868 934 895 a
971 851 1137 895 teneris
1179 851 1407 897 aetatibus
1454 850 1541 895 do-

280 921 530 968 &rinarum
553 923 841 968 abundantia
870 923 1111 979 satiantur,
1143 924 1347 985 optimos
1367 923 1546 968 habent

281 997 527 1057 sapientiae
560 996 740 1052 sensUS‚
770 996 1117 1056 instituuntque
1153 996 1419 1042 civitatibus
1452 998 1542 1041 hu-

280 1071 511 1115 manitatis
541 1087 717 1126 mores,
754 1086 902 1130 aequa
929 1071 1053 1126 iura,
1082 1073 1230 1134 leges,
1260 1070 1434 1130 quibus
1463 1068 1543 1113 ab·

280 1142 485 1188 sentibus
514 1143 641 1187 nulla
659 1141 811 1200 potest
840 1141 924 1186 esse
946 1142 1100 1186 civitas
1125 1140 1385 1187 incolumis.
1418 1139 1544 1183 Cum

283 1231 390 1277 ergo
423 1226 550 1259 tanta
581 1229 775 1257 munera
802 1212 860 1257 ab
883 1212 1161 1273 scriptorum
1186 1211 1435 1272 prudentia
1462 1213 1550 1271 pri-

281 1288 424 1332 vatim
464 1287 753 1348 publiceque
788 1286 963 1332 fuerint
997 1287 1270 1331 hominibus
1306 1304 1548 1347 praepara-

282 1374 350 1416 ta,
389 1376 488 1404 non
530 1360 681 1404 solum
725 1359 923 1404 arbitror
966 1361 1139 1419 palmas
1176 1359 1215 1405 Sc
1255 1375 1447 1405 coronas
1480 1362 1547 1405 his

281 1432 427 1477 tribui
462 1444 706 1492 oportere,
747 1432 825 1476 sed
860 1433 999 1476 etiam
1034 1432 1218 1476 decerni
1252 1433 1545 1493 triumphos,

282 1505 321 1550 Sc
350 1505 472 1549 inter
499 1504 714 1549 Deorum
750 1504 875 1549 sedes
909 1521 985 1548 eos
1019 1504 1303 1549 dedicandos
1338 1506 1545 1551 iudicari.

282 1578 459 1622 Eorum
487 1588 644 1621 autem
672 1577 869 1639 cogitata
901 1577 1075 1622 utiliter
1095 1578 1366 1622 hominibus
1396 1580 1454 1623 acl
1478 1580 1547 1624 vi-

282 1668 376 1700 tam
399 1651 720 1711 explicandam
741 1686 753 1706 ‚
797 1668 821 1696 e
848 1651 1063 1711 pluribus
1091 1651 1263 1713 singula
1289 1668 1550 1712 paucorum

285 1726 353 1770 uti
385 1728 597 1784 exempla
631 1742 805 1785 ponam
829 1760 840 1779 ,
883 1742 1004 1785 quae
1046 1726 1425 1788 recognoscentes
1466 1744 1550 1772 ne-

283 1797 464 1842 ceffario
518 1797 583 1842 his
634 1798 778 1842 tribui
820 1799 1024 1843 honores
1075 1810 1291 1857 oportere
1338 1800 1550 1845 homines

285 1871 669 1918 confitebuntur:
715 1873 754 1916 ὃς
786 1872 993 1931 primum
1020 1872 1222 1917 Platonis
1253 1890 1276 1917 e
1306 1873 1464 1917 multis
1490 1889 1550 1918 ra-

285 1947 668 1993 tiocinationibus
719 1947 956 1998 utiliffirnis
1006 1963 1147 1991 unam
1180 1982 1192 2002 ,
1237 1947 1551 2007 quemadmo-⁴

287 2021 403 2065 dum
433 2019 491 2064 ab
524 2037 579 2065 eo
613 2021 838 2080 explicata
866 2020 918 2064 fit
937 2054 950 2076 ‚
984 2036 1174 2080 ponam.

652 2161 1031 2224 (CAPUT
1095 2164 1203 2227 ιγν-

351 2264 504 2309 Locus
531 2274 611 2308 aut
644 2279 750 2326 ager
780 2264 968 2323 paribus
998 2265 1218 2310 lateribus
1237 2300 1249 2322 ,
1278 2266 1308 2310 fi
1338 2267 1421 2310 erit
1440 2282 1553 2325 qua·

343 2394 361 2414 '⁵
395 2393 540 2445 Incipit
556 2393 617 2432 hic
643 2394 767 2446 vulgo
790 2392 912 2445 caput
936 2395 1103 2448 primum
1124 2394 1356 2434 huiuslibri:
1393 2404 1431 2432 at
1453 2392 1555 2433 sum-

396 2468 458 2494 ma
487 2467 681 2508 tenorque
700 2455 916 2505 orationis,
958 2457 1133 2509 itemque
1164 2456 1253 2496 finis
1283 2456 1420 2508 capitis
1452 2456 1555 2494 tertii
