1600 2902
249 176 325 220 354
500 178 501 181 ¹
560 161 1215 209 ARCHITECTURAE

245 264 348 304 dinis
375 260 525 301 formas
553 258 770 313 designant.
799 258 927 298 Prima
958 271 1055 312 ergo
1079 260 1308 302 induffione
1332 261 1516 303 trullifi‘a-

244 336 311 373 ta‚
350 336 442 363 cum
465 321 643 363 arescere
668 323 869 377 coeperit,
908 323 1053 363 iterum
1078 336 1124 362 ac
1152 325 1271 363 tertio
1295 325 1514 366 lucidatio-

245 400 315 429 nes
340 388 572 440 dirigantur.
616 384 719 426 Cum
751 386 878 426 tribus
906 386 1027 425 coriis
1060 399 1163 439 opus
1192 385 1311 427 fuerit
1339 388 1517 442 depura-

245 462 468 499 tum‚tunc
494 461 544 488 ex
570 460 796 489 marmoreo
827 461 950 502 grano
975 446 1268 488 trulliffationes
1293 449 1381 490 sunt
1404 450 1515 490 subi-

242 513 408 567 gendae.
440 511 515 551 Sed
547 510 626 565 ipsa
648 510 800 564 species
825 510 877 551 fic
911 521 1094 563 paretur,
1125 522 1171 549 ut
1199 521 1290 550 ante
1320 511 1516 553 induffio-

242 588 315 616 nes
341 575 489 615 tamdiu
520 574 775 627 subigantur,
807 584 851 614 ut
880 585 1036 614 rutrum
1061 586 1110 613 ex
1136 586 1182 612 ea
1200 573 1388 614 mundum
1408 575 1516 615 leve*

243 651 324 680 tur.
367 638 618 679 Inarescente
649 636 910 687 ἰηάυξὶίοηε,
951 639 1119 678 alterum
1149 639 1304 678 corium
1336 639 1516 680 subtilius

242 703 479 751 inducatur,
507 712 553 742 ut
577 701 784 741 marmoris
811 702 852 741 &
880 702 1065 741 candoris
1092 701 1352 755 politionibus
1371 700 1516 742 funda-

241 776 283 805 ta
319 764 496 804 soliditas
527 762 694 802 nitidum
733 762 914 802 culturae
953 763 1074 803 faciat
1103 764 1305 803 decorem.
1367 762 1516 803 Omnia

241 838 363 879 ergo,
394 838 496 879 quae
520 824 696 877 diligenti
724 823 852 863 studio
877 836 1200 878 componuntur,
1229 837 1360 878 neque
1392 836 1516 865 vetu-

241 888 408 928 statibus
437 886 716 933 obsolescunt3
759 898 922 939 neque,
958 899 1049 926 cum
1090 886 1250 940 purgari
1283 887 1518 940 coeperint,

240 951 409 1004 gratiam
438 949 584 989 coloris
626 948 825 988 amittunt.
870 949 1036 988 Humidi
1061 949 1166 988 enim
1191 948 1391 1002 parietes,
1423 962 1516 990 cum

240 1011 403 1065 pi6kuris
424 1022 645 1058 ornantur,
674 1008 962 1059 desudescunt‚
997 1010 1040 1051 &
1063 1010 1177 1064 operi
1210 1009 1410 1063 obligatus
1436 1023 1513 1051 co-

241 1076 304 1114 lor
336 1074 416 1114 elui
440 1086 524 1114 non
551 1072 695 1128 potest.

750 1173 1007 1217 XXIIL

683 1249 742 1290 De
765 1264 859 1304 opere
886 1251 1077 1292 coronario:

295 1338 426 1394 Operi
454 1339 672 1381 coronario
700 1338 881 1380 subtilior
908 1338 1082 1392 impensa
1110 1335 1325 1381 neceffaria
1356 1340 1436 1390 est,
1470 1352 1515 1382 ut

239 1402 410 1456 amplius
433 1400 576 1441 fricata
607 1400 800 1440 mollioris
824 1400 996 1439 nitorem
1022 1401 1173 1454 gratiae
1199 1400 1331 1441 faciat.
1363 1400 1513 1442 Obser-

240 1462 418 1502 vandum
451 1472 585 1501 tamen
616 1461 718 1509 erit,
754 1473 804 1500 ne
833 1459 1002 1513 gypsum
1031 1461 1231 1515 impensae
1259 1462 1544 1514 adiungatur.x

237 1523 449 1564 Siticulosa
479 1524 584 1564 enim
615 1522 803 1569 materia,
832 1523 927 1561 dum
952 1523 1035 1562 cito
1057 1524 1199 1563 arescit
1215 1553 1229 1572 ‚
1255 1524 1372 1563 vitiat
1392 1537 1513 1564 coro-

238 1587 397 1626 narium
425 1597 540 1639 opus.
569 1583 834 1623 Politionibus
860 1584 1057 1636 parietum
1080 1584 1122 1625 δ(
1142 1596 1345 1627 camerum
1373 1585 1512 1640 super-

237 1646 466 1690 inducitur:
498 1657 590 1685 nam
620 1644 853 1697 corrumpit.

754 1749 992 1791 XXIV.

316 1838 375 1877 De
394 1834 582 1890 parietibus
613 1832 871 1882 caementiciis,
908 1831 1059 1872 humidis
1088 1833 1197 1880 locis,
1223 1832 1438 1885 solidandis.

302 1927 483 1969 Parietes
515 1940 642 1976 vero,
686 1924 857 1965 humidis
888 1923 1012 1972 locis,
1052 1922 1106 1963 sic
1140 1934 1259 1963 erunt
1300 1922 1510 1964 solidandi.

236 1993 280 2034 Si
308 2004 525 2047 perpetuus
561 1991 706 2031 humor
731 1987 932 2035 manabit,
979 1986 1108 2026 tribus
1132 1986 1298 2039 pedibus
1324 1987 1372 2026 ab
1404 1987 1511 2036 imo,

242 2055 417 2095 testaceo
437 2054 568 2108 paries
598 2049 812 2095 vestiatur,
839 2049 880 2088 &
911 2046 1101 2087 vestitura
1127 2046 1330 2096 calcetur,
1370 2049 1412 2088 &
1431 2061 1508 2102 po-

240 2118 386 2165 liatur,
417 2129 467 2156 ne
491 2116 702 2155 humorem
727 2112 938 2150 admittere
971 2109 1098 2163 poffit.
1145 2109 1274 2160 Quod
1302 2109 1330 2148 s1
1364 2112 1509 2151 humor

242 2180 373 2219 maior
388 2188 605 2232 perpetuus
621 2174 794 2214 manabit
808 2203 820 2222 ‚
839 2172 1101 2212 canaliculum
1129 2171 1293 2211 brevem
1309 2171 1481 2211 exstrues
1495 2201 1508 2219 ‚

241 2240 490 2293 aliquantum
520 2251 543 2277 a
572 2237 807 2290 pavimento
846 2234 985 2282 altius,
1020 2246 1103 2286 quo
1141 2232 1328 2273 colleuus
1361 2233 1507 2273 humor

239 2301 323 2340 sine
338 2301 442 2341 vitio
464 2300 627 2355 parietis
645 2309 771 2339 exeat.
801 2297 840 2337 Si
867 2308 1001 2337 autem
1024 2296 1189 2340 affluens
1215 2297 1361 2337 humor
1378 2297 1506 2336 abun-

241 2363 374 2412 dabit,
404 2363 557 2415 tegulas
582 2360 784 2415 bipedales
810 2371 859 2398 ex
884 2371 931 2398 ea
956 2370 1095 2411 parte,
1132 2370 1211 2411 qua
1240 2358 1385 2397 humor
1414 2356 1503 2396 irri-

242 2435 346 2477 guus
379 2435 590 2479 erumpet,
622 2422 831 2477 diligenter
867 2421 1037 2475 picabis,
1073 2432 1124 2462 ne
1154 2419 1219 2462 vis
1251 2418 1430 2460 humoris
1453 2417 1502 2457 ad
