1600 2902
270 194 365 230 2,ιο
509 183 579 229 Μ.
613 184 907 231 VITRUVII
938 186 1271 236 POLLIONIS

607 330 645 374 C
678 328 719 374 A
752 331 788 375 P
823 330 863 376 U
896 332 940 376 T
1004 333 1049 377 X
1082 335 1099 378 1
1130 336 1191 381 V.

727 411 796 457 De
837 413 1060 475 infedlivis.

349 496 492 542 Fiunt
532 497 671 542 etiam
706 499 930 558 purpurei
964 500 1141 544 colores
1187 497 1353 547 infecta
1393 513 1513 547 creta

265 574 427 619 rubiae
464 574 643 630 radice,
689 574 729 619 8c
770 575 993 639 hysgino:
1044 593 1142 622 non
1188 578 1338 623 minus
1377 579 1416 624 8c
1457 595 1517 624 ex

264 649 461 694 floribus
496 650 570 694 alii
609 652 797 697 colores.
837 652 999 712 Itaque
1035 650 1252 698 tinuores
1281 669 1391 699 cum
1432 672 1515 700 vo-

263 729 372 772 lunt
404 726 452 771 fil
482 725 690 773 Atticum
726 728 920 784 imitari,
957 729 1130 774 violam
1163 729 1337 773 aridam
1364 730 1514 775 conii-

261 802 435 848 cientes
472 802 519 847 in
553 819 627 847 vas
660 819 769 850 cum
805 821 924 864 aqua
958 803 1300 850 confervescere
1335 803 1512 851 faciunt

262 875 320 919 ad
347 876 532 938 ignem:
569 877 739 923 deinde
774 894 882 924 cum
912 880 974 924 est
1003 888 1339 939 temperatum,
1375 880 1515 924 conii·

261 949 393 994 ciunt
428 950 476 994 in
510 951 739 1009 linteum,
778 954 820 1000 &t
857 954 967 999 inde
1000 955 1214 1000 manibus
1248 956 1514 1014 exprimen-

260 1034 354 1080 tes,
392 1027 624 1087 recipiunt
658 1028 707 1073 in
746 1029 1019 1075 mortarium
1061 1046 1231 1089 aquam
1281 1046 1340 1075 ex
1380 1030 1514 1075 violis

259 1103 512 1147 coloratam
533 1138 546 1159 ‚
587 1103 629 1149 Sc
667 1120 725 1148 ex
761 1121 813 1150 ea
843 1104 1063 1150 Eretriam
1098 1104 1398 1149 infundentes
1419 1138 1432 1159 ,
1469 1104 1512 1150 Sc

261 1193 362 1222 eam
394 1188 615 1234 terente5‚
657 1180 859 1226 efficiunt
888 1181 972 1226 filis
995 1180 1138 1226 Attici
1167 1181 1385 1225 colorem.
1431 1178 1514 1222 Ea-

259 1251 369 1295 dem
394 1253 572 1297 ratione
606 1255 867 1299 vaccinium
901 1266 1210 1316 temperantes
1227 1287 1239 1309 ,
1263 1253 1303 1298 8c
1329 1253 1395 1296 lac
1425 1250 1512 1296 mi-

258 1321 457 1383 scenteS,
480 1346 736 1390 purpuram
764 1331 940 1377 faciunt
976 1333 1244 1394 elegantem.
1282 1329 1400 1372 Item
1425 1328 1509 1386 qui

257 1419 356 1448 non
388 1404 574 1464 poffunt
605 1406 887 1467 chrysocolla
917 1419 1110 1467 propter
1141 1405 1376 1450 caritatem
1409 1403 1510 1457 uti,

257 1479 430 1534 herba,
471 1497 591 1539 quae
621 1482 743 1525 lutea
775 1483 1066 1541 appellatur,
1099 1479 1363 1524 caeruleum
1400 1476 1508 1519 infi-

256 1555 388 1599 ciunt
404 1590 414 1609 ‚
434 1556 475 1600 Sc
495 1567 694 1601 utuntur
711 1557 977 1602 viridiffimo
996 1559 1162 1602 colore.
1196 1557 1321 1600 Haec
1345 1565 1505 1598 autem

256 1628 470 1675 infec‘tiva
496 1634 800 1692 appellantur.
851 1634 970 1678 Item
997 1643 1190 1692 propter
1208 1632 1412 1691 inopiam
1437 1648 1506 1676 co-

255 1707 361 1751 loris
391 1707 572 1762 Indici,
602 1720 771 1753 cretam
804 1707 1101 1762 Selinusiam,
1130 1718 1212 1752 aut
1238 1707 1507 1762 anulariam,

252 1783 552 1842 vitrumque,
587 1784 719 1842 quod
747 1784 908 1829 Graeci
936 1784 1067 1828 isatin
1098 1785 1334 1843 appellant
1353 1817 1366 1838 ,
1399 1784 1508 1828 infi-

255 1858 454 1913 cientes,
483 1859 791 1903 imitationem
819 1859 995 1905 faciunt
1013 1858 1162 1903 Indici
1182 1858 1359 1903 coloris.
1392 1857 1505 1924 Qui-

252 1934 342 1978 bus
382 1933 638 1979 rationibus
690 1934 730 1979 8c
769 1935 906 1979 rebus
959 1933 1306 1993 expolitionum
1360 1931 1504 1975 firmi-

251 2019 393 2064 tates,
443 2009 715 2068 quibusque
760 2008 944 2053 decoras
975 2018 1187 2068 oporteat
1221 2006 1318 2051 fieri
1349 2002 1504 2066 pietu-

251 2100 317 2128 ras
335 2117 349 2138 ,
377 2083 489 2128 item
517 2100 630 2144 quas
656 2083 855 2128 habeant
888 2101 1051 2129 omnes
1081 2085 1257 2128 colores
1286 2083 1334 2127 in
1354 2083 1397 2127 se
1417 2101 1503 2144 po-

252 2160 429 2204 testates
445 2193 458 2214 ‚
489 2171 539 2204 ut
566 2159 680 2203 mihi
698 2159 958 2204 succurrere
982 2160 1140 2218 potuit
1159 2193 1171 2214 ‚
1194 2159 1243 2203 in
1269 2159 1359 2203 hoc
1379 2158 1502 2204 libro

250 2235 498 2296 perscripsi.
548 2235 710 2294 Itaque
747 2251 909 2279 omnes
942 2235 1316 2279 aedificationum
1350 2234 1500 2293 perfe-

253 2312 451 2365 ctiones,
479 2326 621 2368 quam
648 2309 817 2354 habere
842 2310 1042 2354 debeant
1079 2309 1499 2369 opportunitatem,

249 2385 681 2430 ratiocinationibus
709 2385 884 2444 septem
917 2385 1237 2430 voluminibus
1267 2384 1370 2429 sunt
1396 2384 1498 2427 fini-

243 2471 329 2507 tae.
376 2462 430 2507 In
464 2462 675 2522 sequenti
707 2472 866 2507 autem
902 2462 960 2508 de
988 2478 1136 2522 aqua,
1166 2462 1197 2507 fi
1229 2460 1400 2521 quibus
1426 2460 1499 2504 lo·-
