1600 2902
248 267 331 313 DE
368 266 432 312 M.
472 265 786 313 VITRUVIO
825 263 1165 310 POLLIONE.
1245 276 1338 308 xm

67 375 175 426 nensis
196 373 257 412 lib.
283 373 349 411 IV.
376 385 453 425 cap.
479 373 541 410 68.
573 387 595 407 υ
612 373 734 411 Petrus
759 373 945 411 Diaconus
967 372 1122 410 solinum
1149 374 1188 410 de
1214 371 1342 409 Mundi

67 445 89 464 π
102 428 312 466 mirabilibus
335 426 561 465 abbreviavit.
588 427 762 465 Notarum
789 428 906 465 librum
932 440 974 464 ex
995 440 1106 478 parvo
1129 424 1340 476 ampliavit,

67 482 134 518 »δ’
157 483 309 520 Conrado
338 481 424 533 Imp.
442 480 626 518 dedicavit.
667 482 860 519 Vitruvium
879 482 917 518 de
945 481 1183 518 Architeaura
1206 479 1344 517 brevia·-

66 536 164 573 uvir.
191 535 407 573 Itinerarium
424 550 466 573 ex
480 535 634 572 omnibus
660 536 826 573 veteribus
843 535 936 572 libris
957 535 1101 585 collegit.
1115 550 1136 568 α

122 588 247 628 Porro
264 589 311 626 de
332 588 408 627 hoc
429 588 545 627 Petro
569 587 756 627 Diacono
783 589 859 626 viri
877 586 1076 626 doffiffimi
1094 585 1342 625 Bollandiani

68 642 143 695 (ut
158 642 433 695 appellantur)
456 652 467 672 1
495 642 581 680 inter
603 642 768 691 illustres,
791 643 927 688 aiunt,
952 643 1142 694 Scriptores
1159 641 1346 680 SlzcriAr-

66 697 212 749 chisterii
235 697 418 747 Cafinensts
445 697 488 748 est
517 696 642 735 Petrus
664 696 849 734 Diaconus
881 696 1147 741 chartularius,
1180 694 1344 733 Scrinia-

69 752 164 796 rius,
196 766 238 790 ac
268 750 557 788 Bibliothecarius
594 750 804 800 Cafinenfis,
837 750 896 801 qui
925 764 994 787 nort
1028 751 1085 787 diu
1109 748 1183 799 post
1213 763 1345 786 annum

75 817 188 852 1140.
217 805 325 843 vivere
346 804 464 855 destit,
491 803 611 841 reliHis
630 803 889 855 quamplurimis
914 803 1041 853 ingenii
1058 801 1120 852 sui
1144 816 1346 840 monumen-

69 858 127 896 tis.
158 858 319 909 Quibus
345 859 459 910 plane
484 855 537 895 est
555 856 811 909 adstipulatus
831 855 1109 896 eruditissimus
1140 856 1274 894 Abbas
1292 854 1344 895 D.

68 911 248 951 Erasmus
269 910 431 951 Gattula
453 910 490 948 in
519 911 671 960 Historia
695 911 867 948 Abbatiae
887 911 1073 1002 Cagnenfis
1095 909 1134 947 P.
1157 909 1185 947 Ι.
1207 909 1345 948 Vene-

69 967 134 1004 tiis
164 979 274 1015 ¹733·
301 978 338 1017 p.
357 977 433 1017 912
450 962 529 1016 sqq.
554 965 592 1002 in
609 977 686 1016 qua
711 965 760 1002 de
780 964 897 1004 Petro
966 966 1111 1002 iacono
1130 962 1240 1016 plura
1271 964 1346 1001 ha-

68 1018 224 1059 bentur.
255 1018 363 1056 Inter
383 1028 517 1056 cetera
537 1029 637 1057 vero
658 1029 863 1066 narratur,
890 1018 1118 1058 chronicae
1144 1015 1345 1055 monaste-

68 1073 113 1112 rii
132 1071 354 1112 Casmensis
370 1071 512 1111 librum
528 1082 715 1123 quartum
734 1084 938 1111 exaratum
959 1071 1008 1110 ab
1022 1071 1098 1110 hoc
1115 1070 1231 1110 Petro
1248 1070 1345 1109 Dia-

67 1138 175 1165 cono
190 1124 381 1165 acceffisse
400 1125 449 1164 ad
467 1126 620 1178 priores
637 1137 716 1165 tres
729 1157 740 1173 ,
766 1127 814 1165 ab
831 1126 966 1166 Leone
983 1125 1209 1165 Marficano
1223 1123 1344 1163 Card.

66 1190 184 1219 antea
210 1191 433 1220 contextos.
459 1179 559 1230 Quo
581 1180 619 1218 in
645 1180 746 1219 libro
771 1193 892 1232 opera
908 1211 919 1226 ‚
949 1192 1051 1232 quae
1076 1179 1217 1218 Petrus
1248 1178 1343 1218 scri-

66 1232 216 1286 pserat,
248 1233 384 1272 Petrus
404 1233 485 1285 ipse
518 1233 715 1282 recenset3
743 1233 806 1272 sed
834 1235 913 1281 ita,
942 1246 985 1272 ut
1009 1233 1147 1285 aliquis
1171 1233 1270 1271 alius
1295 1245 1343 1271 ea

66 1287 272 1327 recensere
287 1287 482 1325 videatur.
510 1287 566 1325 Ea
590 1299 688 1327 vero
709 1288 876 1340 plurima
894 1286 1003 1334 sunt3
1029 1300 1105 1326 nos
1126 1299 1249 1326 unum
1269 1287 1345 1326 hoc

67 1341 150 1392 (ex
179 1341 345 1380 Chronica
372 1343 412 1379 S.
439 1340 641 1394 Monasterii
673 1343 785 1392 Castu.
811 1342 918 1380 edita
939 1354 1026 1380 cum
1051 1344 1177 1379 Rerum
1197 1341 1346 1380 Italica-

68 1410 141 1433 rum
167 1394 395 1447 Scriptoribus
420 1393 540 1432 Tom.
574 1394 644 1433 lV.
671 1395 893 1434 Mediolani
918 1408 1029 1445 1723.
1053 1408 1090 1447 p.
1123 1394 1241 1446 537.)
1273 1406 1346 1432 ex—

69 1447 312 1500 cerpsimus:
335 1449 455 1486 Petrus
477 1449 663 1486 Diu-conus
694 1472 715 1478 -
743 1472 766 1477 -
794 1471 816 1477 -
848 1450 1045 1487 Vitruvium
1061 1450 1099 1485 de
1121 1449 1342 1486 Architeflu-

66 1518 105 1540 ra
127 1504 244 1540 mundi
263 1503 444 1540 emendans
459 1503 637 1540 breviavit.
671 1500 821 1541 Iterum
847 1502 964 1541 etiam
986 1504 1108 1541 verba
1128 1503 1225 1540 haec
1241 1532 1251 1548 ,
1276 1502 1344 1540 Vi-

67 1556 217 1594 truvium
246 1554 385 1595 Petrus
409 1554 618 1594 Diaconus
642 1557 682 1592 de
705 1557 940 1594 Archiecaum
967 1557 1083 1595 mundi
1105 1557 1344 1603 abbreviavit,

67 1609 251 1662 leguntur
276 1609 314 1647 in
341 1607 551 1661 Opusculo
575 1609 712 1661 (edito
732 1610 866 1649 itidem
889 1623 978 1649 cum
996 1613 1121 1648 Rerum
1142 1610 1342 1648 Italicarum

68 1663 322 1715 Scriptoribus)
352 1666 390 1701 de
417 1663 510 1700 Vin‘s
537 1663 720 1716 illustribus
748 1665 1007 1715 Castnertfirbus‚
1037 1676 1123 1716 cap.
1147 1674 1288 1702 XLVII.
1317 1663 1344 1702 fi

69 1716 209 1766 integri
231 1716 415 1768 opusculi·
436 1717 539 1756 ratio
563 1716 782 1766 habeatur3
808 1719 928 1758 tertio
958 1730 1115 1766 autem,
1142 1717 1170 1756 sl
1200 1716 1346 1769 specie-

68 1781 134 1809 tur
151 1773 428 1823 Supplementum
456 1771 547 1809 Petri
571 1772 730 1810 Diaconi
749 1773 788 1809 de
813 1772 908 1811 Viris
930 1773 1130 1824 illustribus.
1149 1772 1345 1811 Animad-

70 1825 310 1864 vertendum
337 1836 491 1871 antem,
528 1825 567 1863 in
592 1823 723 1864 Indice
753 1825 852 1878 (qui
885 1822 1055 1865 habetur
1085 1827 1189 1865 inter
1220 1827 1343 1865 modo

70 1889 408 1918 commemoratos
436 1878 588 1918 Rerum
620 1879 843 1918 Italicarum
875 1879 1129 1934 Scriptores)
1161 1879 1343 1932 Operum

67 1930 170 1972 Petri
190 1931 363 1971 Diaconi
392 1933 751 1985 manuscriptorum
774 1934 904 1973 adhuc
926 1934 1161 1974 exstantium
1178 1964 1188 1981 ‚
1221 1935 1344 1972 abbre-

69 1987 198 2025 viatum
228 1986 334 2025 illum
365 1987 563 2026 Vitruvium
585 2000 664 2025 non
687 1989 869 2039 reperiri„
892 1989 951 2027 Ac
978 2001 1027 2028 ne
1051 1989 1237 2026 indicium
1260 1989 1345 2039 qui-

69 2039 157 2078 dem
187 2040 304 2079 ullum
331 2040 508 2079 eiusdem
532 2041 572 2080 in
600 2040 799 2079 Casmenfi
827 2041 1066 2082 monasterio
1091 2042 1246 2081 invenit
1270 2042 1344 2080 lo-

71 2091 161 2143 seph
185 2094 307 2133 Maria
334 2094 581 2133 Franchinus
598 2125 609 2142 ,
640 2095 703 2134 vir
733 2097 958 2135 eruditione
985 2098 1025 2135 δε
1051 2096 1198 2149 pictate
1221 2108 1344 2135 orna-

70 2146 232 2185 tiffimus
249 2178 259 2195 ‚
286 2147 507 2187 Cafincnfis
531 2148 756 2188 Monachus
773 2179 784 2197 ‚
821 2151 862 2189 &
889 2151 1087 2189 Archivio
1117 2148 1343 2188 monasterii

70 2200 289 2240 (sasxnensxs
308 2201 556 2250 Praefechls3
611 2203 676 2250 ui,
707 2215 779 2257 pro
802 2203 982 2257 singulari
1003 2216 1094 2256 erga
1119 2216 1180 2241 me
1197 2204 1342 2242 huma-

72 2254 196 2292 nitate
213 2283 224 2300 ,
256 2255 536 2307 diligentissime
563 2256 586 2294 il
604 2270 668 2295 um
696 2258 736 2296 in
761 2258 844 2297 eius
879 2257 1102 2298 monasterii
1127 2257 1343 2296 bibliothe-

68 2319 139 2353 ca,
163 2319 235 2347 nec
261 2320 341 2346 non
364 2309 403 2347 in
427 2309 629 2349 tabulariis
656 2311 902 2363 perquisivit.

125 2361 266 2413 Neque
298 2372 449 2401 tantum
475 2364 514 2401 in
538 2363 760 2411 Casinens1‚
788 2377 930 2405 verum
955 2367 1071 2405 ctiam
1100 2365 1138 2403 in
1165 2365 1340 2417 pluribus

71 2415 179 2462 aliis,
214 2416 426 2467 iisdemque
451 2416 682 2465 illustribus,
711 2419 961 2459 bibliothecis
989 2421 1108 2471 (cum
1130 2431 1203 2472 pro
1226 2420 1341 2458 inve-

69 2469 218 2508 niendo
250 2469 501 2522 Compendio
520 2471 629 2510 edito
653 2472 702 2510 ab
726 2473 951 2513 Vascosano
977 2474 1144 2526 lapidem
1178 2486 1337 2513 omnem

112 2558 124 2579 ι
150 2547 228 2579 Asta
248 2547 354 2580 Sanst.
372 2548 484 2579 Martii
507 2559 523 2580 a
542 2549 593 2583 lo.
609 2549 684 2582 1301-
736 2552 943 2597 Antwerpiae
974 2553 1032 2587 fol.
1059 2553 1156 2587 Tom.
1175 2552 1232 2587 111.
1262 2564 1338 2597 pag.

65 2589 162 2625 lando
182 2593 296 2638 colligi
319 2592 457 2627 feliciter
478 2603 597 2637 coepta
617 2594 682 2629 διε.
735 2599 813 2641 489.
