1600 2902
582 178 951 229 VITA,
1340 189 1400 227 x1

125 299 208 332 met
231 287 422 337 affirmat,
451 286 662 342 discipulus
683 302 691 326 :
720 299 862 328 verum
887 286 952 326 hic
981 297 1118 340 parum
1147 283 1334 332 feliciter,
1354 294 1404 324 ut

125 363 176 390 ex
197 362 320 404 opere
343 348 426 403 ipso
448 349 586 390 videre
609 349 680 390 est.
724 349 865 389 Caruit
889 348 992 387 enim
1019 359 1103 388 tum
1132 346 1279 400 ingenii
1302 358 1401 386 acu-2

125 412 254 460 mine,
280 423 365 451 tum
389 425 520 451 rerum
544 411 802 465 plurimarum
826 410 1081 463 cognitione,
1100 421 1205 461 quae
1223 407 1271 446 ad
1290 407 1401 446 hunc

124 471 325 513 auetorem
354 472 626 512 illustrandum
648 471 735 512 sunt
755 471 1010 511 necessariae:
1032 470 1127 509 nihil
1142 470 1265 522 igitur
1287 469 1329 509 in
1346 479 1398 507 eo

122 534 260 575 laudes
286 546 444 589 praeter
471 534 641 588 figuras,
670 547 769 587 quas
798 532 870 573 etsi
899 546 983 573 non
1011 533 1058 572 ad
1091 533 1298 584 antiquum
1323 542 1397 583 ge·-

123 594 260 642 nium,
292 607 367 634 nec
395 595 544 648 ubique
566 595 616 635 ad
641 595 818 634 Vitruvii
843 605 1018 633 mentem
1036 624 1046 641 ,
1077 592 1235 645 egregie
1264 603 1400 631 tamen

123 655 166 695 ὃ(
189 657 374 710 graphice
400 656 577 697 lineavit.
611 656 674 696 Ab
696 656 774 696 hoc
800 656 956 708 accepit
982 654 1042 694 Io.
1064 653 1236 707 Baptista
1256 651 1399 704 Capo-

122 716 212 756 ralis
239 717 468 765 Perusinus,
498 716 576 771 i'pse
606 729 770 769 quoque
807 716 1037 761 illiteratus,
1067 728 1111 754 ut
1141 728 1190 754 ex
1219 715 1398 766 quinque

119 776 248 825 libris,
276 792 380 830 quos
405 779 541 819 Italice
562 778 698 819 versos
719 779 937 833 publicavit
952 809 963 826 ,
990 779 1104 819 facile
1130 777 1397 831 cognoscitur.

120 839 313 882 Nonnulli
341 853 504 893 quoque
523 840 586 879 alii
611 842 787 880 eiusdem
807 851 926 879 notae
950 839 1126 880 homines
1142 871 1154 888 ,
1172 840 1275 878 idem
1292 853 1398 893 opus

120 901 259 940 eadem
286 901 512 944 infelicitate
541 902 703 956 aggreffi
725 902 837 943 sunt:
865 902 971 942 inter
996 915 1101 954 quos
1127 900 1238 940 fuere
1257 902 1398 945 Bonus

117 960 311 1011 Maurus,
344 964 589 1016 Augustinus
612 965 778 1012 Gallus,
810 964 1002 1015 Aloysius
1033 964 1270 1004 Pirovanus.
1317 963 1396 1005 Sed

115 1022 219 1065 inter
244 1024 350 1072 illos,
369 1026 437 1078 qui
461 1026 656 1079 egregiam
671 1025 864 1064 Vitruvio
890 1037 1087 1065 navarunt
1111 1038 1274 1078 operam
1291 1055 1302 1073 ‚
1319 1024 1398 1063 fuit

114 1083 353 1126 Hermolaus
388 1088 607 1135 Barbarus,
641 1088 709 1140 qui
737 1088 896 1140 quidem
931 1088 1034 1126 inter
1070 1088 1216 1140 primos
1245 1086 1393 1139 ingenii

112 1148 155 1188 &
180 1148 378 1190 doetrinae
406 1151 553 1191 lumine
596 1151 772 1205 pollens,
812 1150 1008 1203 castigatis
1031 1150 1154 1210 Plinio
1186 1152 1226 1192 ὃ(
1259 1151 1393 1198 Mela,

114 1210 207 1250 huic
237 1225 399 1265 quoque
425 1213 576 1252 auctori
614 1213 741 1255 stilum
771 1214 812 1253 δι
837 1213 1060 1267 diligentem
1087 1227 1250 1267 operam
1277 1226 1392 1253 com-

113 1273 305 1313 modavit.
359 1275 583 1316 Successere
611 1276 701 1316 huic
729 1275 930 1316 Adrianus
953 1275 1168 1318 Turnebus
1186 1308 1196 1325 ‚
1225 1277 1392 1318 &Gui-

111 1332 266 1374 lielmus
282 1334 510 1384 Philzinder,
542 1336 645 1375 Galli
670 1336 808 1383 ambo,
833 1336 873 1376 δε
899 1336 1016 1375 iidem
1043 1337 1273 1378 doclrina&
1294 1349 1391 1378 eru·

112 1392 263 1433 ditione
288 1395 480 1448 insignes:
500 1410 673 1449 quorum
695 1397 911 1437 Turnebus
937 1397 976 1436 in
994 1397 1101 1437 libris
1120 1396 1388 1437 Adversario-

113 1470 201 1496 rum
231 1456 421 1497 sexcentis
446 1459 544 1497 locis
571 1459 856 1498 Vitruvizmum
891 1460 1073 1499 codicem
1101 1472 1170 1499 aut
1196 1461 1387 1500 emenda-

108 1519 192 1566 vit,
234 1531 302 1558 aut
332 1519 563 1559 lucidissime
600 1518 794 1573 exposuit.
840 1520 978 1574 Longe
1004 1532 1138 1560 tamen
1171 1522 1385 1564 dofflffime

106 1579 339 1629 Philander,
374 1583 442 1634 qui
475 1594 632 1622 ceteros
663 1581 745 1621 fere
775 1595 915 1624 omnes
945 1586 1241 1625 commentariis
1269 1587 1386 1626 editis

106 1641 367 1682 eruditissimis
397 1642 608 1697 superavit.
647 1644 737 1689 Post
755 1645 828 1684 hos
849 1646 1028 1688 omnium
1044 1645 1274 1686 noviffimus
1295 1646 1384 1686 Da·-

105 1705 182 1745 niel
213 1705 439 1755 Barbarus,
465 1720 547 1748 non
580 1707 657 1749 fine
692 1710 861 1749 maxima
886 1710 1032 1763 egregii
1063 1709 1206 1763 ingenii
1238 1710 1383 1759 laude,

103 1767 207 1808 idem
238 1768 451 1821 praestitit:
491 1783 731 1824 quamquam
761 1772 936 1811 nonnulli
970 1772 1067 1820 sint,
1108 1773 1177 1825 qui
1204 1773 1311 1812 illurn
1341 1774 1384 1814 in

103 1831 222 1871 rebus
248 1831 361 1871 claris
398 1831 635 1882 verbosum,
671 1835 711 1873 in
754 1833 930 1875 obscuris
963 1833 1106 1873 siccum
1132 1835 1172 1873 &
1204 1835 1383 1875 ieiunum

105 1891 213 1932 fuisse
238 1894 447 1936 affirment.
499 1895 575 1935 Sed
606 1907 651 1936 ut
674 1897 721 1935 ad
748 1896 978 1936 Vitruvium
1007 1909 1276 1944 revertamur,
1305 1910 1381 1950 pa·-

103 1955 178 1994 lam
204 1957 276 2005 est,
308 1959 416 1999 illum
446 1959 483 1998 in
517 1958 724 2000 scribendo
752 1961 989 2014 brevitatem
1019 1961 1233 2011 adaniaffe3
1267 1962 1378 2014 quod

105 2029 177 2056 cur
212 2018 373 2068 fecerit,
401 2019 478 2074 ipse
509 2022 626 2061 docet
664 2023 702 2060 in
742 2022 989 2076 praefatione
1017 2024 1145 2076 quinti
1175 2025 1285 2069 libri,
1324 2026 1379 2063 ita

106 2078 296 2120 scribens:
328 2085 409 2122 Cum
437 2099 511 2137 ergo
545 2101 583 2124 ea
615 2085 952 2138 (architectonica
978 2100 1119 2141 nempe
1148 2090 1345 2128 vocabula
1363 2121 1377 2139 ‚

103 2141 153 2180 de
183 2143 321 2194 quibus
345 2145 554 2199 loquitur)
582 2150 693 2199 perse
722 2165 789 2188 nort
807 2151 883 2200 sinc
914 2161 1055 2201 aperta,
1077 2163 1136 2187 nec
1156 2164 1299 2203 pateant
1317 2166 1376 2188 eo-

102 2219 176 2242 rum
209 2206 245 2242 in
269 2218 330 2243 con
348 2208 504 2246 uetudine
531 2211 694 2256 nomina,
729 2223 800 2249 tum
825 2211 924 2249 etiam
941 2224 1193 2262 praeceptorum
1215 2212 1284 2248 late
1306 2228 1375 2249 va·-

100 2278 220 2318 gantos
235 2265 424 2317 scripturae
448 2272 484 2319 fi
512 2287 581 2309 nort
611 2275 879 2319 contrahantur,
915 2273 949 2311 6³
974 2273 1100 2324 paucis
1126 2273 1160 2311 δ’
1183 2274 1373 2324 perlucidis

94 2324 275 2374 sententiis
301 2327 534 2377 explicentur,
557 2331 752 2383 frequentia
779 2334 1055 2384 multitudineque
1073 2332 1236 2384 sermonis
1264 2335 1374 2386 impc-

99 2388 229 2435 dicate,
261 2391 407 2428 incertas
439 2393 613 2443 legentium
639 2395 779 2447 efficient
803 2397 1034 2448 cogitationes.
1077 2397 1195 2449 ltaque
1219 2398 1374 2435 occultas

101 2451 347 2491 nominationes
370 2454 639 2507 commensusque
666 2473 679 2495 e
701 2458 852 2497 membris
886 2473 1019 2511 operum
1038 2461 1273 2511 pronunti-ms
1292 2491 1306 2507 ,
1334 2471 1375 2498 ut
