1600 2902
256 198 346 245 218
499 194 563 240 M.
600 195 886 241 VITRUVII
921 197 1248 243 POLLIONIS

254 303 372 347 adeo
400 302 650 356 subtiliter,
686 312 737 345 ut
765 301 982 345 efficiatur
1012 303 1417 360 quemadmodum
1439 299 1507 348 fa-

254 375 377 426 rina,
407 373 447 420 Sc
475 374 564 417 aeri
598 372 772 434 Cyprio
800 374 918 416 limis
949 373 1088 417 crassis
1112 375 1199 431 (ut
1232 375 1410 434 scobis)
1440 374 1506 418 fa-

253 439 330 488 ἃο
374 443 589 487 immixta
638 443 987 505 conspergitur,
1032 454 1084 487 ut
1117 447 1503 507 conglomeretnr.

252 514 440 561 Deinde
479 516 597 574 pilae
635 515 849 558 manibus
882 514 1104 558 versando
1141 517 1424 572 efficiuntur,
1460 517 1501 562 8c

253 586 314 631 ita
348 588 625 648 colligantur
655 598 708 631 ut
742 585 1003 631 inarescant.
1058 588 1148 632 Eae
1185 589 1332 634 aridae
1373 606 1504 634 com-

250 671 502 717 ponuntur
528 660 576 702 in
604 673 744 702 urceo
772 654 923 712 fidili,
950 674 1112 703 urceus
1144 660 1191 703 in
1220 659 1404 706 fornace
1425 678 1503 721 po-

251 731 406 776 nitur:
441 731 501 775 ita
532 747 628 786 aes,
658 730 698 774 Sc
728 747 777 773 ea
812 747 945 775 arena
975 731 1032 775 ab
1063 731 1178 793 ignis
1210 734 1504 778 vehementia

251 804 643 849 confervescendo
674 820 783 848 cum
816 804 1105 859 coaruerint,
1125 803 1245 848 inter
1264 804 1307 848 se
1330 805 1504 860 dando,

249 873 292 919 86
332 877 604 936 accipiendo
645 875 855 931 sudores,
909 893 932 920 a
962 877 1321 938 proprietatibus
1361 878 1505 921 disce-

249 949 374 993 dunt
389 983 400 1003 ,
433 950 617 1009 suisque
638 949 775 994 rebus
801 965 882 1009 per
906 949 1020 1011 ignis
1041 943 1380 994 vehementiam
1401 965 1505 995 con-

249 1018 375 1066 fectis
413 1024 624 1067 caeruleo
670 1023 943 1084 rediguntur
983 1024 1150 1067 colore.
1217 1022 1322 1067 Usta
1359 1039 1502 1079 vero,

250 1110 372 1152 quae
404 1092 501 1137 satis
530 1092 670 1136 habet
700 1092 906 1138 utilitatis
936 1092 983 1145 in
1017 1092 1237 1152 operibus
1278 1089 1503 1150 tectoriis‚

249 1165 307 1209 fic
337 1175 634 1224 temperatur.
675 1164 821 1209 Gleba
848 1164 932 1208 filis
961 1164 1075 1209 boni
1101 1165 1348 1223 coquitur,
1375 1177 1428 1209 ut
1450 1165 1503 1210 fit

248 1237 297 1281 in
332 1237 438 1298 igne
470 1236 698 1291 candens,
729 1253 778 1280 ea
809 1248 966 1282 autem
997 1249 1128 1284 aceto
1153 1237 1465 1302 exstinguitur
1483 1271 1501 1296 ‚

246 1306 288 1353 Sc
317 1309 514 1354 efficitur
538 1324 779 1368 purpureo
808 1310 976 1354 colore.

571 1421 608 1466 C
642 1421 681 1466 A
716 1422 751 1465 Ρ
787 1422 827 1466 U
860 1422 905 1466 T
970 1423 1015 1468 X
1048 1424 1069 1467 I
1102 1425 1136 1469 Ι.

434 1503 505 1547 De
541 1503 725 1564 ceruffa,
760 1506 959 1562 aerugine
992 1505 1304 1565 &sandaraca

321 1586 399 1635 De
431 1590 624 1645 cerussa,
659 1590 996 1651 aerugineque,
1029 1609 1171 1652 quam
1202 1593 1339 1637 nostri
1372 1610 1498 1640 aeru-

244 1679 345 1707 cam
380 1673 577 1717 vocant,
618 1678 712 1707 non
749 1665 810 1708 est
841 1664 1046 1707 alienum
1090 1665 1497 1723 quemadmodum

243 1745 541 1793 comparetur
572 1735 756 1780 dicere:
798 1736 968 1781 Rhodii
1005 1737 1130 1781 enim
1167 1738 1211 1781 in
1243 1737 1375 1781 doliis
1410 1738 1499 1782 sar-

243 1818 400 1851 menta
431 1819 768 1865 componentes
801 1819 983 1852 acetum
1016 1808 1321 1864 suffundam,
1353 1809 1393 1854 Sc
1422 1809 1498 1854 su-

242 1895 323 1938 pra
356 1878 578 1922 sarmenta
612 1874 855 1937 plumbeas
888 1879 1040 1923 maffas
1075 1882 1329 1933 collocant3.
1363 1881 1497 1924 dein-

241 1953 302 1996 de
345 1951 467 1995 dolia
504 1952 729 2009 operculis
759 1952 1007 2007 obturant,
1063 1969 1122 1997 ne
1161 1953 1495 2012 spiramentum

240 2026 516 2069 obturatum
554 2024 761 2077 emittat3
820 2025 921 2083 post
955 2037 1130 2069 certum
1170 2036 1353 2085 tempus
1390 2042 1495 2085 ape-

238 2097 406 2141 rientes
446 2097 695 2141 inveniunt
730 2113 754 2140 e
790 2099 931 2142 mallis
973 2098 1205 2157 plumbeis
1254 2097 1488 2143 cerussam.

238 2167 417 2210 Eadem
452 2167 630 2211 ratione
669 2168 868 2210 lamellas
904 2184 1049 2212 aereas
1088 2170 1368 2213 collocantes
1397 2169 1493 2213 effi-

240 2238 371 2281 ciunt
397 2237 663 2299 aeruginem
683 2271 696 2292 ,
731 2254 849 2295 quae
884 2255 1042 2283 aeruca
1073 2241 1344 2299 appellatur.
1403 2240 1493 2284 Ce-

237 2309 351 2354 ruffa
392 2327 501 2354 vero
541 2327 650 2355 curn
701 2310 747 2353 in
789 2309 974 2355 fornace
1017 2313 1266 2370 coquitur,
1307 2322 1490 2356 mutato

237 2385 396 2428 colore
434 2384 491 2428 ad
525 2385 638 2446 ignis
675 2382 977 2440 incendium,
1020 2385 1211 2429 efficitur
1240 2383 1488 2428 sandaraca.

238 2454 293 2498 Id
317 2466 475 2501 autern
505 2455 724 2501 incendio
748 2451 868 2502 fausto
901 2472 959 2502 ex
989 2455 1092 2503 casu
1128 2456 1393 2502 didicerunt
1413 2455 1490 2500 ho·
