1600 2902
242 126 320 170 342
547 115 1188 160 ARCHITECTURAE

244 226 289 255 ra
312 213 353 252 in
385 211 556 252 circuitu
582 212 714 266 surgat
732 243 744 261 ,
767 213 810 254 ἃ
835 223 1012 266 quatuor
1038 227 1142 256 cavo
1165 215 1371 269 relinquar.
1407 214 1515 255 Struae

243 274 394 313 &uram
418 286 521 313 vero
541 286 632 314 cum
653 273 785 314 facere
809 275 992 327 coeperis
1010 305 1022 322 ‚
1055 274 1233 316 veffibus
1259 278 1396 330 ligneis
1421 278 1515 315 den-

241 333 365 382 sabis,
396 333 446 374 fic
471 347 516 376 ut
539 337 714 376 nitorem
740 335 886 376 frontis
902 347 994 391 ,non
1019 336 1163 376 laedas.
1208 337 1271 377 Sic
1293 338 1394 377 enirn
1424 337 1516 376 soli-

240 396 334 434 data
363 394 553 437 struRura
593 395 782 437 adversus
809 398 1017 437 humorem
1043 396 1186 437 fortior
1212 399 1299 437 erit.
1330 398 1458 450 Quod
1486 395 1515 436 fi

241 456 380 497 limosa
411 470 516 511 aqua
550 458 696 507 fuerit,
739 459 856 499 salem
883 461 919 498 ei
954 458 1114 506 misces,
1149 458 1191 497 δι
1217 458 1285 498 sua
1309 461 1350 498 vi
1382 471 1514 499 acrem

242 516 423 572 saporem
455 522 634 560 mutabit.
664 521 739 562 Sed
775 522 868 561 licet
901 520 1080 561 auffores
1104 521 1151 559 ad
1178 520 1354 573 quinque
1387 533 1517 574 partes

242 592 390 620 arenae
418 582 514 621 duas
545 594 677 635 partes
710 584 828 622 calcis
852 584 953 622 mitti
981 582 1211 632 docuerint,
1241 582 1378 620 iisdem
1404 594 1518 621 men-

242 640 340 681 suris
366 643 407 683 &
433 645 663 691 redivivas,
693 645 735 685 ὃ(
753 645 888 699 pensas
908 645 993 684 fieri
1019 645 1350 684 monstraverint:
1380 645 1519 684 melius

242 714 375 743 tamen
403 705 615 746 inventum
639 705 694 746 est
722 718 767 747 ut
794 707 842 746 ad
871 708 968 746 duas
999 718 1131 760 partes
1162 718 1307 746 arenae
1334 718 1412 745 una
1436 706 1519 745 cal-

243 767 301 806 cis
335 767 572 816 misceatur,
605 782 689 822 quo
719 769 905 823 pinguior
936 768 1110 821 impensa
1146 767 1292 808 fortius
1316 779 1521 808 caementa

240 829 396 882 ligaret.
427 830 611 871 Similiter
633 831 674 872 ὅ(
702 832 741 871 in
767 831 949 872 testaceis
975 832 1167 886 operibus
1187 831 1324 872 facies.
1353 831 1522 870 Puteum

245 903 378 931 autem
409 905 500 932 cum
526 892 666 934 fodere
700 895 907 947 coeperis,
941 894 967 933 si
988 905 1093 933 terra
1117 892 1238 933 solida
1266 905 1348 933 non
1372 891 1494 931 fuerit
1511 920 1524 940 ,

246 965 316 992 aut
355 967 475 993 arena
496 955 654 995 rubrica
686 967 755 995 aut
785 955 919 995 sabulo
948 955 1095 996 fluidus
1125 966 1194 994 aut
1221 954 1414 995 exsudans
1442 953 1523 993 hu-

247 1027 337 1053 mor
361 1015 570 1056 foffionem
600 1016 797 1065 resolvat,
830 1017 981 1058 tabulas
1009 1019 1139 1058 axium
1169 1015 1335 1056 dire&as
1362 1015 1523 1055 fodien-

246 1077 301 1116 do
322 1077 553 1127 submittes,
584 1081 625 1121 &
647 1093 712 1120 eas
735 1079 914 1122 vectibus
939 1082 1078 1135 ligneis
1103 1079 1338 1121 transversis
1360 1079 1526 1119 distine-

248 1139 333 1187 bis,
368 1153 417 1180 ne
441 1141 577 1182 labens
598 1153 703 1182 terra
727 1143 840 1183 ruina
874 1143 1060 1197 ponderis
1088 1141 1306 1197 periculum
1334 1140 1524 1182 fodienti-

249 1201 325 1243 bus
350 1203 481 1242 faciat.

865 1288 917 1328 V.

581 1368 640 1406 De
666 1367 811 1408 utilitate
836 1384 946 1421 aquae
970 1371 1184 1422 probandae.

303 1446 512 1499 Quoniam
538 1461 634 1502 ergo
660 1461 752 1490 ante
779 1452 914 1490 onmia
932 1463 1058 1502 aquae
1081 1450 1173 1490 usus
1199 1447 1435 1488 necessarius
1455 1446 1524 1486 ha-

249 1509 394 1557 betur,
424 1511 484 1550 his
513 1512 795 1562 experimentis
828 1513 976 1551 utilitas
1000 1514 1084 1553 eius
1105 1511 1306 1565 probanda
1324 1511 1411 1549 erit.
1440 1508 1524 1548 Ita-

251 1583 330 1624 que
354 1570 382 1610 fi
410 1571 644 1611 naturaliter
670 1571 806 1612 fontes
837 1574 1060 1626 pertinent,
1099 1572 1424 1612 confiderandum
1448 1573 1525 1611 erit

252 1633 362 1687 prius
385 1632 520 1685 quales
541 1633 723 1673 homines
751 1634 792 1673 ὅ(
815 1647 933 1686 quam
957 1634 1098 1673 salubri
1127 1645 1297 1686 corpore
1325 1634 1429 1672 circa
1453 1646 1526 1673 eos

252 1694 390 1735 fontes
415 1694 606 1733 habitent.
643 1694 784 1747 Itaque
805 1694 831 1733 si
857 1696 1094 1749 corporibus
1125 1694 1373 1743 valentibus,
1405 1695 1527 1735 cruri·

253 1758 330 1799 bus
359 1770 441 1797 non
483 1756 663 1806 vitiosis,
716 1759 923 1798 coloribus
957 1759 1113 1808 nitidis,
1154 1773 1234 1799 non
1271 1758 1527 1812 lippientibus

255 1820 408 1869 oculis,
445 1831 633 1875 purgatos
662 1820 917 1873 salubresque
943 1820 1073 1861 fontes
1104 1821 1303 1874 probabis.
1340 1821 1468 1873 Quod
1498 1820 1526 1860 fi

254 1885 353 1924 novi
384 1884 542 1930 fontes,
574 1896 643 1924 aut
671 1886 782 1938 putei
809 1884 892 1923 foffi
921 1883 1092 1932 fuerint,
1121 1896 1264 1935 aquam
1289 1884 1460 1932 eximes,
1486 1883 1526 1922 in

252 1961 326 1989 vas
352 1959 520 1987 aeneum
544 1948 710 1988 nitidum
740 1949 895 2003 sparges
914 1979 924 1996 ,
963 1949 1004 1988 &
1034 1948 1061 1987 sl
1091 1947 1283 1986 maculam
1312 1960 1393 1985 non
1417 1946 1527 1985 fece-

254 2012 304 2053 rit
344 2012 494 2064 optime
525 2012 738 2064 probabilis
765 2013 850 2052 erit.
892 2011 1006 2050 Miffa
1041 2012 1158 2050 etiam
1186 2012 1227 2049 in
1253 2023 1324 2050 vas
1357 2022 1526 2049 aeneum

255 2074 286 2113 si
314 2073 476 2113 decoCta
507 2073 654 2122 fuerit,
695 2075 735 2115 δε
766 2075 901 2114 limum
935 2074 1000 2113 vel
1034 2086 1192 2114 arenam
1222 2073 1260 2111 in
1287 2071 1413 2111 fundo
1445 2084 1527 2111 non

258 2137 485 2190 reliquerit,
514 2137 697 2191 legumen
728 2139 767 2177 in
790 2151 837 2177 ea
866 2137 892 2177 si
922 2139 1005 2177 cito
1035 2149 1256 2190 coquatur,
1288 2136 1393 2175 bona
1425 2139 1525 2176 erit:

261 2211 345 2238 non
370 2199 499 2238 minus
522 2198 546 2235 sl
573 2198 764 2252 perlucidi
789 2198 920 2239 fontes
949 2198 1098 2238 suerint
1123 2199 1164 2239 &
1188 2197 1265 2237 sme
1296 2197 1430 2237 musco
1457 2209 1526 2238 aut

261 2259 495 2312 quibusdam
519 2261 847 2312 inquinamentis,
873 2261 1021 2313 signum
1045 2263 1121 2300 hoc
1148 2263 1205 2301 ita
1229 2260 1417 2300 salubrem
1439 2273 1529 2314 per-

265 2332 508 2377 petuamque
533 2336 675 2377 aquam
700 2322 874 2364 futuram
894 2323 1132 2378 significabit.
