1600 2902
231 167 319 216 186
467 162 533 213 M.
565 167 858 217 VITRUVII
889 170 1223 223 POLLioNIS

223 274 415 320 subietfli
458 276 632 321 fuerint
672 278 712 323 8c
750 277 1019 327 subcuneati
1056 285 1235 343 postes,
1274 300 1372 331 non
1402 302 1481 346 pa·

221 348 406 392 tiuntur
428 347 620 393 infidere
648 350 825 406 trabes,
844 368 1002 412 neque
1034 371 1101 400 eas
1132 358 1320 403 laedere.
1356 358 1479 405 Item

220 419 636 465 administrandum
672 423 759 478 est,
788 425 857 468 uti
895 426 1052 471 levent
1090 444 1206 474 onus
1245 431 1479 490 parietum

219 491 576 549 fornicationes,
605 511 868 542 cuneorum
898 498 1201 546 divi-sionibus
1229 502 1269 549 Sc
1295 503 1356 548 ad
1377 520 1481 549 cen·

219 576 346 609 trum
395 566 730 626 respondentes
776 587 933 616 earum
983 573 1292 620 conclusurae-.
1351 576 1475 622 Cum

219 638 346 682 enim
382 651 509 683 extra
540 641 687 685 trabes
709 675 724 696 ,
775 655 855 688 aut
883 644 1100 689 liminum
1137 647 1309 706 capita,
1349 664 1478 694 arcus

219 707 376 751 cuneis
420 721 556 753 erunt
592 711 819 764 conclusl3
862 712 1069 771 primum
1106 729 1204 759 non
1248 718 1479 775 pandabit

217 778 428 823 materies
459 780 608 824 levata
644 795 817 834 onere;
851 780 1021 827 deinde
1058 783 1090 827 fi
1118 785 1252 842 quod
1286 802 1318 830 e
1341 799 1479 831 vetu-

217 851 329 896 state
360 852 525 896 vitium
563 854 760 913 ceperit,
788 855 881 899 fine
914 857 1163 902 molitione
1196 859 1478 906 fulturarum

216 922 408 968 faciliter
431 924 704 970 mutabitur.
743 926 960 986 Itemque
990 945 1110 987 quae
1128 930 1312 989 pilatim
1334 947 1479 994 agun-

218 1009 294 1040 tur
331 997 536 1043 aedificia
559 1032 572 1055 ,
609 998 650 1044 Sc
693 1015 951 1044 cuneorum
989 1001 1289 1049 divisionibus
1316 1037 1329 1059 ,
1372 1020 1480 1048 coa-

216 1070 415 1130 gmentis
457 1071 514 1115 ad
550 1083 765 1117 centrum
804 1074 1193 1133 respondentibus
1218 1110 1231 1131 ,
1279 1076 1479 1122 fornices

216 1142 585 1188 concluduntur.
633 1143 875 1189 Extremae
920 1146 1041 1205 pilae
1089 1147 1138 1190 in·
1180 1148 1247 1191 his
1293 1149 1478 1194 latiores

215 1213 362 1273 spatio
406 1213 512 1259 sunt
558 1215 833 1273 faciundae,
878 1217 950 1261 uti
995 1217 1110 1261 vires
1169 1233 1251 1262 eae·
1299 1218 1478 1264 haben-

215 1295 282 1329 tes
325 1287 519 1333 resistere
574 1288 772 1348 poffint,
831 1304 941 1335 cum
984 1290 1122 1335 cunei
1158 1289 1217 1335 ab
1259 1291 1480 1337 oneribus

215 1359 445 1418 parietum
481 1361 638 1420 pressi,
668 1377 753 1421 per
792 1373 1064 1424 coagmenta
1091 1361 1152 1407 ad
1187 1375 1400 1408 centrum
1431 1364 1476 1408 se

214 1446 478 1492 prementes
510 1435 802 1480 extruderint
838 1436 1099 1481 incumbas.
1134 1436 1304 1496 Itaque·
1334 1437 1364 1481 fi
1398 1452 1477 1481 an-

214 1508 391 1567 gulares
438 1508 558 1567 pilae
600 1520 737 1553 erunt
787 1507 988 1567 spatiosis
1035 1508 1475 1570 magnitudinibus,

218 1579 506 1624 continendo
537 1595 709 1624 cuneos
738 1580 1004 1624 firmitatem
1033 1580 1251 1639 operibus
1281 1582 1476 1641 praesta-

217 1653 352 1696 bunt.
406 1654 527 1697 Cum
556 1653 603 1696 in
628 1653 693 1696 his
724 1653 861 1697 rebus
892 1653 1269 1698 animadversum
1298 1654 1437 1698 fuerit
1459 1686 1474 1708 ,

216 1723 287 1767 uti
320 1739 372 1767 ea
401 1723 638 1785 diligentia
669 1723 716 1767 in
749 1724 819 1767 his
849 1722 1149 1779 adhibeatur,
1191 1740 1292 1768 non
1319 1724 1475 1769 minus

217 1795 356 1838 etiam
395 1794 737 1839 observandum
788 1795 848 1838 est
871 1830 883 1851 ‚
933 1795 998 1839 uti
1036 1810 1196 1840 omnes
1229 1792 1475 1840 strutiurae

215 1867 554 1926 perpendiculo
573 1866 884 1927 respondeant
899 1900 911 1921 ,
932 1883 1088 1926 neque
1108 1867 1308 1912 habeant
1330 1867 1378 1910 in
1405 1868 1476 1912 ul.-

213 1942 255 1984 la
287 1950 417 1999 parte
444 1941 817 2000 proclinationes.
850 1939 1056 1984 Maxima
1086 1951 1243 1984 autern
1275 1939 1359 1985 effe
1388 1939 1472 1984 de-

214 2013 298 2057 bet
337 2029 444 2057 cura
485 2011 879 2059 substrudfionum
899 2047 912 2068 ,
947 2012 1083 2072 quod
1115 2012 1163 2056 in
1193 2013 1260 2057 his
1291 2013 1474 2057 infinita

214 2084 324 2130 vitia
352 2086 468 2130 solet
494 2086 639 2131 facere
674 2100 817 2132 terrae
849 2087 1094 2149 congestio.
1131 2087 1196 2132 Ea
1225 2087 1352 2131 enim
1373 2101 1473 2131 non

213 2158 363 2217 potest
397 2158 481 2204 esse
508 2159 687 2218 semper
717 2175 815 2204 uno
846 2159 1055 2219 pondere
1074 2193 1088 2214 ,
1119 2175 1216 2217 quo
1243 2159 1358 2204 solet
1385 2157 1471 2206 effe

214 2245 297 2289 per
320 2229 532 2275 aestatem
554 2248 565 2284 3
594 2231 673 2275 sed
703 2231 904 2276 hibernis
926 2231 1235 2291 temporibus,
1253 2232 1476 2291 recipien-

215 2301 278 2345 do
315 2317 372 2345 ex
407 2302 637 2347 imbribus
668 2319 816 2361 aquae
854 2304 1209 2350 multitudinem
1229 2338 1242 2360 ,
1272 2303 1472 2349 crescens

215 2374 256 2420 Sc
282 2374 515 2433 pondere,
547 2373 587 2418 Sc
611 2375 951 2433 amplitudine,
982 2375 1227 2435 disrumpit
1249 2375 1289 2420 ἓξ
1312 2385 1472 2417 extru-

218 2445 288 2490 dit
318 2441 644 2494 strutsturarum
685 2446 929 2505 leptioiies„
969 2447 1135 2506 Itaque
1175 2456 1228 2490 ut
1263 2443 1373 2489 huic
1403 2444 1473 2489 vi·-
